Symbol,Date,Time,Bid Price,Bid Exchange,Bid Size,Ask Price,Ask Exchange,Ask Size
ITT,03/03/2014,09:30:00.033,43.16,Z,1,43.69,P,3
ITT,03/03/2014,09:30:00.038,43.17,P,3,43.69,P,3
ITT,03/03/2014,09:30:00.039,43.17,P,4,43.69,P,3
ITT,03/03/2014,09:30:00.151,43.3,P,6,43.69,P,3
ITT,03/03/2014,09:30:00.151,43.3,P,6,43.42,P,4
ITT,03/03/2014,09:30:00.174,43.31,P,3,43.42,P,4
ITT,03/03/2014,09:30:01.384,43.31,P,3,43.66,P,4
ITT,03/03/2014,09:30:01.384,43.31,P,3,43.66,P,3
ITT,03/03/2014,09:30:02.032,43.31,P,3,43.65,P,3
ITT,03/03/2014,09:30:02.381,43.35,N,1,43.4,N,17
ITT,03/03/2014,09:30:02.421,43.35,N,1,43.4,N,18
ITT,03/03/2014,09:30:02.466,43.35,N,1,43.39,N,1
ITT,03/03/2014,09:30:02.475,43.32,N,1,43.39,N,1
ITT,03/03/2014,09:30:02.621,43.32,N,1,43.39,N,2
ITT,03/03/2014,09:30:02.971,43.32,N,1,43.39,N,3
ITT,03/03/2014,09:30:04.899,43.32,N,1,43.39,N,2
ITT,03/03/2014,09:30:07.532,43.32,N,1,43.38,N,1
ITT,03/03/2014,09:30:07.580,43.32,N,1,43.38,N,2
ITT,03/03/2014,09:30:08.038,43.32,N,1,43.38,N,1
ITT,03/03/2014,09:30:08.044,43.32,N,1,43.39,T,4
ITT,03/03/2014,09:30:08.567,43.32,N,1,43.39,T,3
ITT,03/03/2014,09:30:08.578,43.32,N,1,43.38,N,1
ITT,03/03/2014,09:30:08.597,43.3,K,1,43.38,N,1
ITT,03/03/2014,09:30:08.623,43.3,K,1,43.39,T,3
ITT,03/03/2014,09:30:08.646,43.31,N,1,43.39,T,3
ITT,03/03/2014,09:30:09.073,43.3,K,1,43.39,T,3
ITT,03/03/2014,09:30:09.541,43.3,N,1,43.39,T,3
ITT,03/03/2014,09:30:09.554,43.27,T,2,43.39,T,3
ITT,03/03/2014,09:30:09.681,43.27,T,2,43.38,N,1
ITT,03/03/2014,09:30:09.704,43.27,T,2,43.39,T,3
ITT,03/03/2014,09:30:10.043,43.28,N,1,43.39,T,3
ITT,03/03/2014,09:30:10.172,43.28,N,1,43.38,N,1
ITT,03/03/2014,09:30:10.197,43.28,N,1,43.38,N,2
ITT,03/03/2014,09:30:10.482,43.28,N,2,43.38,N,2
ITT,03/03/2014,09:30:10.492,43.28,N,2,43.37,N,1
ITT,03/03/2014,09:30:10.515,43.28,N,2,43.38,N,2
ITT,03/03/2014,09:30:10.538,43.28,N,2,43.38,N,1
ITT,03/03/2014,09:30:10.538,43.28,N,2,43.37,N,1
ITT,03/03/2014,09:30:10.559,43.28,N,2,43.38,N,1
ITT,03/03/2014,09:30:10.560,43.28,N,2,43.38,N,2
ITT,03/03/2014,09:30:10.582,43.28,N,2,43.37,N,1
ITT,03/03/2014,09:30:10.604,43.28,N,2,43.38,N,2
ITT,03/03/2014,09:30:10.649,43.28,N,2,43.38,N,1
ITT,03/03/2014,09:30:10.656,43.28,N,2,43.38,B,2
ITT,03/03/2014,09:30:10.657,43.28,N,2,43.38,B,1
ITT,03/03/2014,09:30:10.658,43.28,N,2,43.39,T,3
ITT,03/03/2014,09:30:10.715,43.28,N,2,43.38,N,1
ITT,03/03/2014,09:30:10.740,43.28,N,2,43.37,N,1
ITT,03/03/2014,09:30:10.763,43.28,N,2,43.38,N,1
ITT,03/03/2014,09:30:10.763,43.28,N,2,43.38,N,2
ITT,03/03/2014,09:30:10.850,43.28,N,2,43.38,N,1
ITT,03/03/2014,09:30:10.872,43.28,N,2,43.37,N,1
ITT,03/03/2014,09:30:10.895,43.28,N,2,43.38,N,1
ITT,03/03/2014,09:30:11.021,43.28,N,2,43.38,N,2
ITT,03/03/2014,09:30:12.094,43.28,N,2,43.38,N,3
ITT,03/03/2014,09:30:12.102,43.28,N,2,43.37,N,1
ITT,03/03/2014,09:30:12.124,43.28,N,2,43.38,N,3
ITT,03/03/2014,09:30:12.273,43.28,N,2,43.37,N,1
ITT,03/03/2014,09:30:12.296,43.28,N,2,43.38,N,3
ITT,03/03/2014,09:30:12.443,43.28,N,2,43.37,N,1
ITT,03/03/2014,09:30:12.466,43.28,N,2,43.38,N,3
ITT,03/03/2014,09:30:12.469,43.28,N,2,43.38,N,4
ITT,03/03/2014,09:30:12.611,43.28,N,2,43.37,N,1
ITT,03/03/2014,09:30:12.892,43.28,N,2,43.37,N,2
ITT,03/03/2014,09:30:15.536,43.28,N,2,43.36,T,1
ITT,03/03/2014,09:30:15.629,43.28,N,2,43.36,C,1
ITT,03/03/2014,09:30:15.629,43.28,N,2,43.36,Y,1
ITT,03/03/2014,09:30:19.514,43.28,N,2,43.36,Y,2
ITT,03/03/2014,09:30:20.560,43.28,N,2,43.36,Y,3
ITT,03/03/2014,09:30:20.570,43.28,N,2,43.35,N,1
ITT,03/03/2014,09:30:20.592,43.28,N,2,43.36,N,1
ITT,03/03/2014,09:30:21.828,43.28,N,2,43.36,N,2
ITT,03/03/2014,09:30:21.841,43.28,N,2,43.36,N,3
ITT,03/03/2014,09:30:22.028,43.28,N,2,43.36,N,4
ITT,03/03/2014,09:30:28.338,43.28,N,2,43.35,N,1
ITT,03/03/2014,09:30:28.384,43.28,N,2,43.35,N,2
ITT,03/03/2014,09:30:28.672,43.28,N,2,43.35,N,3
ITT,03/03/2014,09:30:28.675,43.28,N,1,43.35,N,3
ITT,03/03/2014,09:30:28.693,43.28,N,1,43.34,N,1
ITT,03/03/2014,09:30:28.720,43.25,K,1,43.34,N,1
ITT,03/03/2014,09:30:28.720,43.25,K,1,43.33,N,1
ITT,03/03/2014,09:30:28.732,43.25,K,1,43.32,N,1
ITT,03/03/2014,09:30:34.697,43.23,T,1,43.32,N,1
ITT,03/03/2014,09:30:34.697,43.23,T,1,43.31,N,1
ITT,03/03/2014,09:30:34.698,43.28,B,1,43.31,N,1
ITT,03/03/2014,09:30:34.699,43.28,B,1,43.32,T,2
ITT,03/03/2014,09:30:47.021,43.23,T,1,43.32,T,2
ITT,03/03/2014,09:30:47.147,43.23,T,1,43.31,N,1
ITT,03/03/2014,09:30:47.169,43.23,T,1,43.32,T,2
ITT,03/03/2014,09:30:47.213,43.23,T,1,43.31,N,1
ITT,03/03/2014,09:30:47.220,43.23,T,1,43.3,N,1
ITT,03/03/2014,09:30:47.676,43.23,T,2,43.3,N,1
ITT,03/03/2014,09:30:49.244,43.23,T,1,43.3,N,1
ITT,03/03/2014,09:30:52.898,43.23,T,1,43.3,T,2
ITT,03/03/2014,09:31:00.796,43.25,P,1,43.3,T,2
ITT,03/03/2014,09:31:00.797,43.25,P,2,43.3,T,2
ITT,03/03/2014,09:31:00.832,43.26,N,1,43.3,T,2
ITT,03/03/2014,09:31:00.854,43.25,T,3,43.3,T,2
ITT,03/03/2014,09:31:01.387,43.25,T,3,43.29,K,1
ITT,03/03/2014,09:31:01.387,43.25,T,3,43.29,K,2
ITT,03/03/2014,09:31:01.387,43.25,T,3,43.29,K,3
ITT,03/03/2014,09:31:01.827,43.25,T,2,43.29,K,3
ITT,03/03/2014,09:31:01.927,43.25,T,1,43.29,K,3
ITT,03/03/2014,09:31:02.175,43.25,T,1,43.29,K,2
ITT,03/03/2014,09:31:02.177,43.25,T,1,43.29,K,1
ITT,03/03/2014,09:31:06.474,43.25,T,1,43.29,K,2
ITT,03/03/2014,09:31:21.907,43.25,N,1,43.29,K,2
ITT,03/03/2014,09:31:21.907,43.2,T,2,43.29,K,2
ITT,03/03/2014,09:31:21.908,43.23,C,1,43.29,K,2
ITT,03/03/2014,09:31:34.143,43.2,K,1,43.29,K,2
ITT,03/03/2014,09:31:34.179,43.2,K,1,43.28,N,1
ITT,03/03/2014,09:31:34.220,43.2,K,1,43.29,K,1
ITT,03/03/2014,09:31:34.238,43.21,N,1,43.29,K,1
ITT,03/03/2014,09:31:34.431,43.2,K,1,43.29,K,1
ITT,03/03/2014,09:31:35.232,43.2,K,1,43.29,K,2
ITT,03/03/2014,09:31:37.671,43.2,K,1,43.28,T,1
ITT,03/03/2014,09:31:37.671,43.2,K,1,43.28,T,2
ITT,03/03/2014,09:31:37.765,43.2,K,1,43.28,T,1
ITT,03/03/2014,09:31:38.425,43.2,K,1,43.28,C,1
ITT,03/03/2014,09:31:38.528,43.2,K,1,43.27,N,1
ITT,03/03/2014,09:31:38.533,43.2,K,1,43.27,B,1
ITT,03/03/2014,09:31:38.535,43.2,K,1,43.28,C,1
ITT,03/03/2014,09:31:38.535,43.2,K,1,43.28,Y,1
ITT,03/03/2014,09:31:38.552,43.2,K,1,43.27,K,1
ITT,03/03/2014,09:31:38.552,43.2,K,1,43.27,K,2
ITT,03/03/2014,09:31:38.552,43.2,K,1,43.27,K,3
ITT,03/03/2014,09:31:39.101,43.2,B,1,43.27,K,3
ITT,03/03/2014,09:31:39.102,43.19,Y,1,43.27,K,3
ITT,03/03/2014,09:31:39.325,43.19,Y,1,43.27,K,2
ITT,03/03/2014,09:31:39.326,43.19,Y,1,43.27,K,1
ITT,03/03/2014,09:31:44.216,43.19,Y,2,43.27,K,1
ITT,03/03/2014,09:31:44.480,43.19,Y,2,43.27,K,2
ITT,03/03/2014,09:31:55.201,43.19,Y,2,43.26,N,1
ITT,03/03/2014,09:32:01.117,43.2,N,1,43.26,N,1
ITT,03/03/2014,09:32:01.129,43.2,N,1,43.27,K,2
ITT,03/03/2014,09:32:03.654,43.19,Y,1,43.27,K,2
ITT,03/03/2014,09:32:05.446,43.19,B,1,43.27,K,2
ITT,03/03/2014,09:32:05.447,43.19,N,1,43.27,K,2
ITT,03/03/2014,09:32:05.522,43.16,N,1,43.27,K,2
ITT,03/03/2014,09:32:05.522,43.16,N,2,43.27,K,2
ITT,03/03/2014,09:32:05.525,43.16,N,2,43.26,N,1
ITT,03/03/2014,09:32:05.617,43.16,N,2,43.27,K,1
ITT,03/03/2014,09:32:05.827,43.16,N,2,43.26,N,1
ITT,03/03/2014,09:32:05.841,43.16,N,1,43.26,N,1
ITT,03/03/2014,09:32:06.076,43.19,Y,1,43.26,N,1
ITT,03/03/2014,09:32:06.078,43.19,Y,2,43.26,N,1
ITT,03/03/2014,09:32:06.079,43.19,Y,1,43.26,N,1
ITT,03/03/2014,09:32:06.079,43.19,B,2,43.26,N,1
ITT,03/03/2014,09:32:06.080,43.19,B,1,43.26,N,1
ITT,03/03/2014,09:32:06.080,43.16,N,1,43.26,N,1
ITT,03/03/2014,09:32:06.081,43.19,Y,1,43.26,N,1
ITT,03/03/2014,09:32:06.082,43.19,Y,2,43.26,N,1
ITT,03/03/2014,09:32:06.083,43.19,Y,1,43.26,N,1
ITT,03/03/2014,09:32:06.083,43.19,B,2,43.26,N,1
ITT,03/03/2014,09:32:06.083,43.19,B,1,43.26,N,1
ITT,03/03/2014,09:32:06.083,43.16,N,1,43.26,N,1
ITT,03/03/2014,09:32:06.084,43.19,Y,1,43.26,N,1
ITT,03/03/2014,09:32:06.086,43.19,Y,2,43.26,N,1
ITT,03/03/2014,09:32:06.087,43.19,Y,1,43.26,N,1
ITT,03/03/2014,09:32:06.087,43.19,B,2,43.26,N,1
ITT,03/03/2014,09:32:06.087,43.19,B,1,43.26,N,1
ITT,03/03/2014,09:32:06.087,43.16,N,1,43.26,N,1
ITT,03/03/2014,09:32:06.088,43.19,Y,1,43.26,N,1
ITT,03/03/2014,09:32:06.089,43.19,Y,2,43.26,N,1
ITT,03/03/2014,09:32:06.090,43.19,Y,1,43.26,N,1
ITT,03/03/2014,09:32:06.090,43.19,B,2,43.26,N,1
ITT,03/03/2014,09:32:06.091,43.19,B,1,43.26,N,1
ITT,03/03/2014,09:32:06.091,43.16,N,1,43.26,N,1
ITT,03/03/2014,09:32:06.092,43.19,Y,1,43.26,N,1
ITT,03/03/2014,09:32:06.093,43.19,Y,2,43.26,N,1
ITT,03/03/2014,09:32:06.094,43.19,Y,1,43.26,N,1
ITT,03/03/2014,09:32:06.094,43.19,B,2,43.26,N,1
ITT,03/03/2014,09:32:06.094,43.19,B,1,43.26,N,1
ITT,03/03/2014,09:32:06.094,43.16,N,1,43.26,N,1
ITT,03/03/2014,09:32:06.095,43.19,Y,1,43.26,N,1
ITT,03/03/2014,09:32:06.097,43.19,Y,2,43.26,N,1
ITT,03/03/2014,09:32:06.098,43.19,Y,1,43.26,N,1
ITT,03/03/2014,09:32:06.098,43.19,B,2,43.26,N,1
ITT,03/03/2014,09:32:06.098,43.19,B,1,43.26,N,1
ITT,03/03/2014,09:32:06.098,43.19,N,1,43.26,N,1
ITT,03/03/2014,09:32:06.098,43.16,N,1,43.26,N,1
ITT,03/03/2014,09:32:06.098,43.16,N,1,43.25,K,1
ITT,03/03/2014,09:32:06.099,43.16,N,1,43.25,K,2
ITT,03/03/2014,09:32:06.099,43.16,N,1,43.25,K,3
ITT,03/03/2014,09:32:06.875,43.16,N,1,43.25,K,2
ITT,03/03/2014,09:32:06.877,43.16,N,1,43.25,K,1
ITT,03/03/2014,09:32:07.142,43.16,N,1,43.24,T,1
ITT,03/03/2014,09:32:07.143,43.16,N,1,43.23,T,1
ITT,03/03/2014,09:32:07.165,43.17,N,1,43.23,T,1
ITT,03/03/2014,09:32:07.235,43.17,N,1,43.23,Y,2
ITT,03/03/2014,09:32:07.235,43.17,N,1,43.23,Y,1
ITT,03/03/2014,09:32:07.235,43.17,N,1,43.23,B,2
ITT,03/03/2014,09:32:07.235,43.17,N,1,43.23,B,1
ITT,03/03/2014,09:32:07.236,43.17,N,1,43.23,C,1
ITT,03/03/2014,09:32:07.236,43.17,N,1,43.25,K,1
ITT,03/03/2014,09:32:07.236,43.17,B,1,43.25,K,1
ITT,03/03/2014,09:32:07.237,43.16,P,2,43.25,K,1
ITT,03/03/2014,09:32:07.252,43.17,N,1,43.25,K,1
ITT,03/03/2014,09:32:07.255,43.18,N,1,43.25,K,1
ITT,03/03/2014,09:32:07.275,43.19,N,1,43.25,K,1
ITT,03/03/2014,09:32:07.298,43.2,N,1,43.25,K,1
ITT,03/03/2014,09:32:07.299,43.2,N,2,43.25,K,1
ITT,03/03/2014,09:32:07.320,43.21,N,1,43.25,K,1
ITT,03/03/2014,09:32:07.642,43.2,N,2,43.25,K,1
ITT,03/03/2014,09:32:07.665,43.21,N,1,43.25,K,1
ITT,03/03/2014,09:32:07.688,43.2,N,2,43.25,K,1
ITT,03/03/2014,09:32:07.710,43.21,N,1,43.25,K,1
ITT,03/03/2014,09:32:07.733,43.2,N,2,43.25,K,1
ITT,03/03/2014,09:32:07.845,43.21,N,1,43.25,K,1
ITT,03/03/2014,09:32:07.867,43.2,N,2,43.25,K,1
ITT,03/03/2014,09:32:08.021,43.21,N,1,43.25,K,1
ITT,03/03/2014,09:32:08.050,43.2,N,2,43.25,K,1
ITT,03/03/2014,09:32:08.172,43.21,N,1,43.25,K,1
ITT,03/03/2014,09:32:08.194,43.2,N,2,43.25,K,1
ITT,03/03/2014,09:32:08.320,43.21,N,1,43.25,K,1
ITT,03/03/2014,09:32:08.342,43.2,N,2,43.25,K,1
ITT,03/03/2014,09:32:08.470,43.21,N,1,43.25,K,1
ITT,03/03/2014,09:32:08.493,43.2,N,2,43.25,K,1
ITT,03/03/2014,09:32:08.620,43.21,N,1,43.25,K,1
ITT,03/03/2014,09:32:08.642,43.2,N,2,43.25,K,1
ITT,03/03/2014,09:32:08.766,43.21,N,1,43.25,K,1
ITT,03/03/2014,09:32:08.789,43.2,N,2,43.25,K,1
ITT,03/03/2014,09:32:08.912,43.21,N,1,43.25,K,1
ITT,03/03/2014,09:32:08.934,43.2,N,2,43.25,K,1
ITT,03/03/2014,09:32:09.106,43.21,N,1,43.25,K,1
ITT,03/03/2014,09:32:09.130,43.2,N,2,43.25,K,1
ITT,03/03/2014,09:32:09.164,43.2,N,1,43.25,K,1
ITT,03/03/2014,09:32:09.278,43.21,N,1,43.25,K,1
ITT,03/03/2014,09:32:09.300,43.16,P,1,43.25,K,1
ITT,03/03/2014,09:32:09.300,43.17,N,1,43.25,K,1
ITT,03/03/2014,09:32:09.323,43.18,N,1,43.25,K,1
ITT,03/03/2014,09:32:09.345,43.19,N,1,43.25,K,1
ITT,03/03/2014,09:32:09.368,43.2,N,1,43.25,K,1
ITT,03/03/2014,09:32:09.489,43.21,N,1,43.25,K,1
ITT,03/03/2014,09:32:09.497,43.17,N,1,43.25,K,1
ITT,03/03/2014,09:32:09.498,43.2,Y,1,43.25,K,1
ITT,03/03/2014,09:32:09.498,43.17,N,1,43.25,K,1
ITT,03/03/2014,09:32:09.498,43.2,B,1,43.25,K,1
ITT,03/03/2014,09:32:09.498,43.17,N,1,43.25,K,1
ITT,03/03/2014,09:32:09.519,43.18,N,1,43.25,K,1
ITT,03/03/2014,09:32:09.542,43.19,N,1,43.25,K,1
ITT,03/03/2014,09:32:09.565,43.2,N,1,43.25,K,1
ITT,03/03/2014,09:32:09.611,43.21,N,1,43.25,K,1
ITT,03/03/2014,09:32:09.634,43.17,N,1,43.25,K,1
ITT,03/03/2014,09:32:09.635,43.2,Y,1,43.25,K,1
ITT,03/03/2014,09:32:09.635,43.17,N,1,43.25,K,1
ITT,03/03/2014,09:32:09.635,43.2,B,1,43.25,K,1
ITT,03/03/2014,09:32:09.635,43.17,N,1,43.25,K,1
ITT,03/03/2014,09:32:09.758,43.18,N,1,43.25,K,1
ITT,03/03/2014,09:32:09.780,43.19,N,1,43.25,K,1
ITT,03/03/2014,09:32:09.802,43.2,N,1,43.25,K,1
ITT,03/03/2014,09:32:09.825,43.21,N,1,43.25,K,1
ITT,03/03/2014,09:32:09.848,43.17,N,1,43.25,K,1
ITT,03/03/2014,09:32:09.904,43.18,N,1,43.25,K,1
ITT,03/03/2014,09:32:10.020,43.19,N,1,43.25,K,1
ITT,03/03/2014,09:32:10.044,43.2,N,1,43.25,K,1
ITT,03/03/2014,09:32:10.088,43.21,N,1,43.25,K,1
ITT,03/03/2014,09:32:10.111,43.17,N,1,43.25,K,1
ITT,03/03/2014,09:32:10.112,43.2,Y,1,43.25,K,1
ITT,03/03/2014,09:32:10.112,43.17,N,1,43.25,K,1
ITT,03/03/2014,09:32:10.112,43.2,B,1,43.25,K,1
ITT,03/03/2014,09:32:10.112,43.17,N,1,43.25,K,1
ITT,03/03/2014,09:32:10.237,43.18,N,1,43.25,K,1
ITT,03/03/2014,09:32:10.260,43.19,N,1,43.25,K,1
ITT,03/03/2014,09:32:10.265,43.2,N,1,43.25,K,1
ITT,03/03/2014,09:32:10.283,43.21,N,1,43.25,K,1
ITT,03/03/2014,09:32:10.305,43.2,N,2,43.25,K,1
ITT,03/03/2014,09:32:10.478,43.21,N,1,43.25,K,1
ITT,03/03/2014,09:32:10.500,43.2,N,2,43.25,K,1
ITT,03/03/2014,09:32:10.670,43.21,N,1,43.25,K,1
ITT,03/03/2014,09:32:10.692,43.2,N,2,43.25,K,1
ITT,03/03/2014,09:32:10.822,43.21,N,1,43.25,K,1
ITT,03/03/2014,09:32:10.844,43.2,N,2,43.25,K,1
ITT,03/03/2014,09:32:10.972,43.21,N,1,43.25,K,1
ITT,03/03/2014,09:32:10.994,43.2,N,2,43.25,K,1
ITT,03/03/2014,09:32:11.122,43.21,N,1,43.25,K,1
ITT,03/03/2014,09:32:11.145,43.2,N,2,43.25,K,1
ITT,03/03/2014,09:32:11.272,43.21,N,1,43.25,K,1
ITT,03/03/2014,09:32:11.294,43.2,N,2,43.25,K,1
ITT,03/03/2014,09:32:11.417,43.21,N,1,43.25,K,1
ITT,03/03/2014,09:32:11.440,43.2,N,2,43.25,K,1
ITT,03/03/2014,09:32:11.565,43.21,N,1,43.25,K,1
ITT,03/03/2014,09:32:11.588,43.2,N,2,43.25,K,1
ITT,03/03/2014,09:32:11.714,43.21,N,1,43.25,K,1
ITT,03/03/2014,09:32:11.737,43.2,N,2,43.25,K,1
ITT,03/03/2014,09:32:11.866,43.21,N,1,43.25,K,1
ITT,03/03/2014,09:32:11.888,43.2,N,2,43.25,K,1
ITT,03/03/2014,09:32:11.919,43.2,N,2,43.24,P,1
ITT,03/03/2014,09:32:12.039,43.21,N,1,43.24,P,1
ITT,03/03/2014,09:32:12.062,43.2,N,2,43.24,P,1
ITT,03/03/2014,09:32:12.063,43.21,N,1,43.24,P,1
ITT,03/03/2014,09:32:12.082,43.21,N,1,43.23,K,1
ITT,03/03/2014,09:32:12.083,43.21,N,1,43.23,K,2
ITT,03/03/2014,09:32:12.096,43.21,N,1,43.23,K,1
ITT,03/03/2014,09:32:12.096,43.21,N,1,43.24,P,1
ITT,03/03/2014,09:32:12.096,43.22,K,1,43.24,P,1
ITT,03/03/2014,09:32:12.097,43.22,K,1,43.26,T,1
ITT,03/03/2014,09:32:12.097,43.23,P,1,43.26,T,1
ITT,03/03/2014,09:32:12.097,43.23,P,2,43.26,T,1
ITT,03/03/2014,09:32:12.098,43.24,T,1,43.26,T,1
ITT,03/03/2014,09:32:12.098,43.24,T,2,43.26,T,1
ITT,03/03/2014,09:32:12.098,43.24,T,3,43.26,T,1
ITT,03/03/2014,09:32:12.098,43.24,T,3,43.28,K,1
ITT,03/03/2014,09:32:12.098,43.24,T,3,43.35,D,4
ITT,03/03/2014,09:32:12.098,43.24,T,4,43.35,D,4
ITT,03/03/2014,09:32:12.099,43.24,T,3,43.35,D,4
ITT,03/03/2014,09:32:12.099,43.25,T,1,43.35,D,4
ITT,03/03/2014,09:32:12.099,43.25,T,2,43.35,D,4
ITT,03/03/2014,09:32:12.099,43.25,T,2,43.34,N,1
ITT,03/03/2014,09:32:12.099,43.25,T,2,43.31,N,1
ITT,03/03/2014,09:32:12.107,43.26,N,1,43.31,N,1
ITT,03/03/2014,09:32:12.129,43.27,N,1,43.31,N,1
ITT,03/03/2014,09:32:12.152,43.26,N,1,43.31,N,1
ITT,03/03/2014,09:32:12.154,43.26,N,1,43.32,N,1
ITT,03/03/2014,09:32:12.174,43.27,N,1,43.32,N,1
ITT,03/03/2014,09:32:12.197,43.27,N,1,43.31,N,1
ITT,03/03/2014,09:32:12.243,43.27,N,1,43.31,N,2
ITT,03/03/2014,09:32:12.263,43.25,K,1,43.31,N,2
ITT,03/03/2014,09:32:12.263,43.25,K,1,43.3,N,1
ITT,03/03/2014,09:32:12.285,43.25,K,1,43.31,N,2
ITT,03/03/2014,09:32:12.285,43.26,N,1,43.31,N,2
ITT,03/03/2014,09:32:12.288,43.26,N,1,43.28,K,1
ITT,03/03/2014,09:32:12.288,43.26,N,1,43.28,K,2
ITT,03/03/2014,09:32:12.308,43.25,T,1,43.28,K,2
ITT,03/03/2014,09:32:12.353,43.25,T,1,43.28,K,3
ITT,03/03/2014,09:32:12.498,43.25,N,1,43.28,K,3
ITT,03/03/2014,09:32:12.892,43.25,N,1,43.27,N,1
ITT,03/03/2014,09:32:12.915,43.23,Z,1,43.27,N,1
ITT,03/03/2014,09:32:12.937,43.23,Z,1,43.26,N,1
ITT,03/03/2014,09:32:13.045,43.23,Z,1,43.27,N,1
ITT,03/03/2014,09:32:13.068,43.23,Z,1,43.26,N,1
ITT,03/03/2014,09:32:13.090,43.23,Z,1,43.27,N,1
ITT,03/03/2014,09:32:13.660,43.23,N,1,43.27,N,1
ITT,03/03/2014,09:32:13.660,43.23,N,1,43.26,Z,1
ITT,03/03/2014,09:32:13.661,43.23,N,1,43.25,T,1
ITT,03/03/2014,09:32:13.662,43.22,N,1,43.25,T,1
ITT,03/03/2014,09:32:13.662,43.2,K,1,43.25,T,1
ITT,03/03/2014,09:32:13.686,43.2,K,1,43.24,N,1
ITT,03/03/2014,09:32:13.745,43.15,T,4,43.24,N,1
ITT,03/03/2014,09:32:13.753,43.15,T,4,43.23,N,1
ITT,03/03/2014,09:32:13.753,43.16,N,1,43.23,N,1
ITT,03/03/2014,09:32:13.776,43.17,N,1,43.23,N,1
ITT,03/03/2014,09:32:13.988,43.18,N,1,43.23,N,1
ITT,03/03/2014,09:32:15.954,43.19,N,1,43.23,N,1
ITT,03/03/2014,09:32:16.354,43.17,C,1,43.23,N,1
ITT,03/03/2014,09:32:16.355,43.16,N,1,43.23,N,1
ITT,03/03/2014,09:32:16.368,43.17,N,1,43.23,N,1
ITT,03/03/2014,09:32:16.377,43.18,N,1,43.23,N,1
ITT,03/03/2014,09:32:16.682,43.18,N,1,43.2,K,1
ITT,03/03/2014,09:32:16.682,43.18,N,1,43.2,K,2
ITT,03/03/2014,09:32:16.683,43.18,N,1,43.2,K,1
ITT,03/03/2014,09:32:16.683,43.18,N,1,43.23,N,1
ITT,03/03/2014,09:32:16.683,43.18,N,1,43.25,N,1
ITT,03/03/2014,09:32:16.690,43.19,N,1,43.25,N,1
ITT,03/03/2014,09:32:16.693,43.19,N,1,43.31,N,1
ITT,03/03/2014,09:32:16.693,43.19,N,2,43.31,N,1
ITT,03/03/2014,09:32:16.693,43.19,N,2,43.31,N,2
ITT,03/03/2014,09:32:16.716,43.19,N,2,43.31,N,1
ITT,03/03/2014,09:32:16.717,43.2,N,1,43.31,N,1
ITT,03/03/2014,09:32:16.717,43.2,N,1,43.25,N,1
ITT,03/03/2014,09:32:16.763,43.19,N,2,43.25,N,1
ITT,03/03/2014,09:32:16.785,43.19,N,2,43.24,N,1
ITT,03/03/2014,09:32:16.807,43.19,N,1,43.24,N,1
ITT,03/03/2014,09:32:16.807,43.17,N,1,43.24,N,1
ITT,03/03/2014,09:32:16.830,43.18,N,1,43.24,N,1
ITT,03/03/2014,09:32:16.853,43.16,N,1,43.24,N,1
ITT,03/03/2014,09:32:16.853,43.16,N,1,43.23,N,1
ITT,03/03/2014,09:32:16.854,43.17,Y,1,43.23,N,1
ITT,03/03/2014,09:32:16.855,43.16,N,1,43.23,N,1
ITT,03/03/2014,09:32:16.855,43.17,B,1,43.23,N,1
ITT,03/03/2014,09:32:16.855,43.16,N,1,43.23,N,1
ITT,03/03/2014,09:32:16.860,43.17,N,1,43.23,N,1
ITT,03/03/2014,09:32:16.876,43.17,N,2,43.23,N,1
ITT,03/03/2014,09:32:17.001,43.18,N,1,43.23,N,1
ITT,03/03/2014,09:32:17.008,43.18,N,1,43.28,K,2
ITT,03/03/2014,09:32:17.008,43.19,N,1,43.28,K,2
ITT,03/03/2014,09:32:17.008,43.19,N,1,43.27,N,1
ITT,03/03/2014,09:32:17.030,43.19,N,1,43.26,N,1
ITT,03/03/2014,09:32:17.770,43.19,N,1,43.25,P,1
ITT,03/03/2014,09:32:17.793,43.15,T,4,43.25,P,1
ITT,03/03/2014,09:32:17.794,43.15,T,4,43.24,N,1
ITT,03/03/2014,09:32:17.794,43.16,Y,1,43.24,N,1
ITT,03/03/2014,09:32:17.795,43.16,B,1,43.24,N,1
ITT,03/03/2014,09:32:17.795,43.15,T,4,43.24,N,1
ITT,03/03/2014,09:32:17.816,43.16,N,1,43.24,N,1
ITT,03/03/2014,09:32:17.828,43.17,N,1,43.24,N,1
ITT,03/03/2014,09:32:17.838,43.17,N,2,43.24,N,1
ITT,03/03/2014,09:32:17.965,43.18,N,1,43.24,N,1
ITT,03/03/2014,09:32:18.532,43.17,N,2,43.24,N,1
ITT,03/03/2014,09:32:18.554,43.18,N,1,43.24,N,1
ITT,03/03/2014,09:32:18.576,43.17,N,2,43.24,N,1
ITT,03/03/2014,09:32:18.729,43.18,N,1,43.24,N,1
ITT,03/03/2014,09:32:18.752,43.17,N,2,43.24,N,1
ITT,03/03/2014,09:32:18.949,43.18,N,1,43.24,N,1
ITT,03/03/2014,09:32:18.972,43.17,N,2,43.24,N,1
ITT,03/03/2014,09:32:19.098,43.18,N,1,43.24,N,1
ITT,03/03/2014,09:32:19.121,43.17,N,2,43.24,N,1
ITT,03/03/2014,09:32:19.249,43.18,N,1,43.24,N,1
ITT,03/03/2014,09:32:19.272,43.17,N,2,43.24,N,1
ITT,03/03/2014,09:32:19.402,43.18,N,1,43.24,N,1
ITT,03/03/2014,09:32:19.425,43.17,N,2,43.24,N,1
ITT,03/03/2014,09:32:20.264,43.18,N,1,43.24,N,1
ITT,03/03/2014,09:32:20.286,43.17,N,2,43.24,N,1
ITT,03/03/2014,09:32:20.304,43.17,N,2,43.23,P,1
ITT,03/03/2014,09:32:20.328,43.17,N,1,43.23,P,1
ITT,03/03/2014,09:32:23.514,43.17,B,1,43.23,P,1
ITT,03/03/2014,09:32:23.515,43.15,T,4,43.23,P,1
ITT,03/03/2014,09:32:27.859,43.15,T,3,43.23,P,1
ITT,03/03/2014,09:32:37.576,43.16,N,1,43.23,P,1
ITT,03/03/2014,09:32:37.576,43.16,N,1,43.28,K,1
ITT,03/03/2014,09:32:37.577,43.17,P,1,43.28,K,1
ITT,03/03/2014,09:32:37.599,43.18,N,1,43.28,K,1
ITT,03/03/2014,09:32:37.601,43.18,N,1,43.27,N,1
ITT,03/03/2014,09:32:37.634,43.19,N,1,43.27,N,1
ITT,03/03/2014,09:32:40.948,43.21,B,1,43.27,N,1
ITT,03/03/2014,09:32:41.949,43.21,Y,1,43.27,N,1
ITT,03/03/2014,09:32:41.949,43.19,N,1,43.27,N,1
ITT,03/03/2014,09:32:41.953,43.19,N,1,43.27,N,2
ITT,03/03/2014,09:32:42.366,43.19,N,1,43.27,N,1
ITT,03/03/2014,09:32:42.586,43.19,N,1,43.28,K,1
ITT,03/03/2014,09:32:42.993,43.19,N,1,43.27,N,1
ITT,03/03/2014,09:32:45.887,43.19,N,1,43.21,K,1
ITT,03/03/2014,09:32:45.887,43.19,N,1,43.21,K,2
ITT,03/03/2014,09:32:45.887,43.19,N,1,43.21,K,1
ITT,03/03/2014,09:32:45.888,43.19,N,1,43.27,N,1
ITT,03/03/2014,09:32:45.893,43.19,N,1,43.27,N,2
ITT,03/03/2014,09:32:45.900,43.19,N,1,43.23,K,1
ITT,03/03/2014,09:32:45.900,43.19,N,1,43.27,N,2
ITT,03/03/2014,09:32:45.900,43.19,N,1,43.23,K,1
ITT,03/03/2014,09:32:45.905,43.19,N,1,43.23,K,2
ITT,03/03/2014,09:32:45.907,43.15,N,1,43.23,K,2
ITT,03/03/2014,09:32:45.914,43.16,N,1,43.23,K,2
ITT,03/03/2014,09:32:46.677,43.16,N,1,43.23,K,1
ITT,03/03/2014,09:32:57.949,43.17,B,1,43.23,K,1
ITT,03/03/2014,09:32:57.960,43.17,B,1,43.22,T,1
ITT,03/03/2014,09:32:58.949,43.17,Y,1,43.22,T,1
ITT,03/03/2014,09:32:58.950,43.16,P,1,43.22,T,1
ITT,03/03/2014,09:33:01.914,43.16,Y,2,43.22,T,1
ITT,03/03/2014,09:33:01.916,43.16,Y,1,43.22,T,1
ITT,03/03/2014,09:33:01.916,43.16,B,2,43.22,T,1
ITT,03/03/2014,09:33:01.916,43.16,B,1,43.22,T,1
ITT,03/03/2014,09:33:01.916,43.16,C,1,43.22,T,1
ITT,03/03/2014,09:33:01.916,43.14,T,1,43.22,T,1
ITT,03/03/2014,09:33:01.949,43.15,N,1,43.22,T,1
ITT,03/03/2014,09:33:04.150,43.15,Y,1,43.22,T,1
ITT,03/03/2014,09:33:04.152,43.15,B,1,43.22,T,1
ITT,03/03/2014,09:33:04.152,43.13,N,1,43.22,T,1
ITT,03/03/2014,09:33:04.181,43.14,N,1,43.22,T,1
ITT,03/03/2014,09:33:06.510,43.14,Y,1,43.22,T,1
ITT,03/03/2014,09:33:06.511,43.14,B,1,43.22,T,1
ITT,03/03/2014,09:33:06.511,43.13,N,1,43.22,T,1
ITT,03/03/2014,09:33:07.790,43.13,N,1,43.21,N,1
ITT,03/03/2014,09:33:11.363,43.13,N,1,43.2,T,1
ITT,03/03/2014,09:33:11.375,43.13,N,1,43.19,Y,1
ITT,03/03/2014,09:33:11.397,43.13,N,1,43.19,B,1
ITT,03/03/2014,09:33:11.397,43.13,N,1,43.18,Y,1
ITT,03/03/2014,09:33:11.457,43.1,T,3,43.18,Y,1
ITT,03/03/2014,09:33:11.474,43.1,T,3,43.17,T,1
ITT,03/03/2014,09:33:11.474,43.1,T,2,43.17,T,1
ITT,03/03/2014,09:33:11.475,43.1,T,1,43.17,T,1
ITT,03/03/2014,09:33:11.479,43.1,T,1,43.16,N,1
ITT,03/03/2014,09:33:12.201,43.1,K,1,43.16,N,1
ITT,03/03/2014,09:33:12.640,43.06,Y,1,43.16,N,1
ITT,03/03/2014,09:33:12.641,43.07,Z,3,43.16,N,1
ITT,03/03/2014,09:33:12.641,43.07,Z,4,43.16,N,1
ITT,03/03/2014,09:33:13.425,43.07,Z,3,43.16,N,1
ITT,03/03/2014,09:33:14.000,43.08,N,1,43.16,N,1
ITT,03/03/2014,09:33:14.002,43.09,Z,3,43.16,N,1
ITT,03/03/2014,09:33:14.002,43.09,Z,4,43.16,N,1
ITT,03/03/2014,09:33:14.010,43.09,Z,5,43.16,N,1
ITT,03/03/2014,09:33:14.775,43.09,Z,4,43.16,N,1
ITT,03/03/2014,09:33:14.775,43.09,Z,3,43.16,N,1
ITT,03/03/2014,09:33:18.068,43.09,P,2,43.16,N,1
ITT,03/03/2014,09:33:18.076,43.1,Z,3,43.16,N,1
ITT,03/03/2014,09:33:18.076,43.1,Z,4,43.16,N,1
ITT,03/03/2014,09:33:18.825,43.1,Z,3,43.16,N,1
ITT,03/03/2014,09:33:18.875,43.1,Z,1,43.16,N,1
ITT,03/03/2014,09:33:18.876,43.09,N,1,43.16,N,1
ITT,03/03/2014,09:33:18.891,43.09,N,1,43.13,K,1
ITT,03/03/2014,09:33:18.892,43.09,N,1,43.12,T,1
ITT,03/03/2014,09:33:18.893,43.07,T,1,43.12,T,1
ITT,03/03/2014,09:33:18.894,43.07,T,1,43.11,T,1
ITT,03/03/2014,09:33:18.920,43.07,T,1,43.12,T,1
ITT,03/03/2014,09:33:18.920,43.08,T,1,43.12,T,1
ITT,03/03/2014,09:33:18.920,43.08,T,2,43.12,T,1
ITT,03/03/2014,09:33:18.920,43.08,T,3,43.12,T,1
ITT,03/03/2014,09:33:18.920,43.08,T,4,43.12,T,1
ITT,03/03/2014,09:33:18.920,43.08,T,5,43.12,T,1
ITT,03/03/2014,09:33:18.920,43.08,T,6,43.12,T,1
ITT,03/03/2014,09:33:18.920,43.08,T,7,43.12,T,1
ITT,03/03/2014,09:33:18.924,43.08,T,6,43.12,T,1
ITT,03/03/2014,09:33:18.984,43.08,T,6,43.13,K,1
ITT,03/03/2014,09:33:19.062,43.08,T,6,43.12,N,1
ITT,03/03/2014,09:33:19.074,43.08,T,5,43.12,N,1
ITT,03/03/2014,09:33:19.074,43.08,T,4,43.12,N,1
ITT,03/03/2014,09:33:19.675,43.08,T,3,43.12,N,1
ITT,03/03/2014,09:33:19.876,43.08,T,2,43.12,N,1
ITT,03/03/2014,09:33:19.928,43.08,T,1,43.12,N,1
ITT,03/03/2014,09:33:19.928,43.07,P,2,43.12,N,1
ITT,03/03/2014,09:33:21.953,43.05,T,5,43.12,N,1
ITT,03/03/2014,09:33:21.973,43.05,T,5,43.11,T,1
ITT,03/03/2014,09:33:21.973,43.05,T,4,43.11,T,1
ITT,03/03/2014,09:33:21.973,43.05,T,1,43.11,T,1
ITT,03/03/2014,09:33:22.939,43.05,T,1,43.1,N,1
ITT,03/03/2014,09:33:23.260,43.05,P,4,43.1,N,1
ITT,03/03/2014,09:33:23.262,43.03,K,1,43.1,N,1
ITT,03/03/2014,09:33:26.704,43.03,N,2,43.1,N,1
ITT,03/03/2014,09:33:26.706,43.0,K,12,43.1,N,1
ITT,03/03/2014,09:33:26.707,43.01,Z,1,43.1,N,1
ITT,03/03/2014,09:33:26.707,43.01,Z,2,43.1,N,1
ITT,03/03/2014,09:33:26.707,43.01,Z,3,43.1,N,1
ITT,03/03/2014,09:33:26.724,43.01,Z,3,43.09,T,1
ITT,03/03/2014,09:33:27.475,43.01,Z,2,43.09,T,1
ITT,03/03/2014,09:33:27.475,43.01,Z,1,43.09,T,1
ITT,03/03/2014,09:33:30.073,43.01,P,3,43.09,T,1
ITT,03/03/2014,09:33:30.665,43.01,P,3,43.1,N,1
ITT,03/03/2014,09:33:30.666,43.02,Z,1,43.1,N,1
ITT,03/03/2014,09:33:30.667,43.02,Z,2,43.1,N,1
ITT,03/03/2014,09:33:30.667,43.02,Z,3,43.1,N,1
ITT,03/03/2014,09:33:30.673,43.03,Y,1,43.1,N,1
ITT,03/03/2014,09:33:31.072,43.03,Y,1,43.12,N,1
ITT,03/03/2014,09:33:31.128,43.04,N,1,43.12,N,1
ITT,03/03/2014,09:33:31.130,43.04,N,2,43.12,N,1
ITT,03/03/2014,09:33:31.152,43.04,N,1,43.12,N,1
ITT,03/03/2014,09:33:34.084,43.08,P,1,43.12,N,1
ITT,03/03/2014,09:33:34.086,43.09,Z,1,43.12,N,1
ITT,03/03/2014,09:33:34.086,43.09,Z,2,43.12,N,1
ITT,03/03/2014,09:33:34.090,43.09,Z,2,43.13,K,1
ITT,03/03/2014,09:33:34.090,43.09,Z,2,43.19,N,1
ITT,03/03/2014,09:33:34.091,43.1,T,1,43.19,N,1
ITT,03/03/2014,09:33:34.092,43.1,T,2,43.19,N,1
ITT,03/03/2014,09:33:34.103,43.11,P,1,43.19,N,1
ITT,03/03/2014,09:33:34.105,43.11,P,1,43.19,B,1
ITT,03/03/2014,09:33:34.106,43.11,P,1,43.2,N,1
ITT,03/03/2014,09:33:34.115,43.12,N,1,43.2,N,1
ITT,03/03/2014,09:33:34.121,43.12,N,1,43.19,N,1
ITT,03/03/2014,09:33:34.180,43.11,T,5,43.19,N,1
ITT,03/03/2014,09:33:34.190,43.11,T,5,43.19,Y,1
ITT,03/03/2014,09:33:34.191,43.11,T,5,43.19,B,1
ITT,03/03/2014,09:33:34.191,43.11,T,5,43.21,D,4
ITT,03/03/2014,09:33:34.256,43.11,T,4,43.21,D,4
ITT,03/03/2014,09:33:34.261,43.11,T,4,43.23,N,1
ITT,03/03/2014,09:33:34.283,43.11,T,4,43.23,Y,1
ITT,03/03/2014,09:33:34.283,43.11,T,4,43.22,N,1
ITT,03/03/2014,09:33:34.305,43.11,T,4,43.25,X,3
ITT,03/03/2014,09:33:34.305,43.11,T,4,43.24,Y,1
ITT,03/03/2014,09:33:35.068,43.12,N,1,43.24,Y,1
ITT,03/03/2014,09:33:35.070,43.12,N,1,43.22,Y,1
ITT,03/03/2014,09:33:35.100,43.12,B,1,43.22,Y,1
ITT,03/03/2014,09:33:35.101,43.11,T,4,43.22,Y,1
ITT,03/03/2014,09:33:35.128,43.11,T,4,43.21,N,1
ITT,03/03/2014,09:33:36.056,43.12,N,1,43.21,N,1
ITT,03/03/2014,09:33:36.064,43.12,N,1,43.2,N,1
ITT,03/03/2014,09:33:56.410,43.12,N,66,43.2,N,1
ITT,03/03/2014,09:33:56.426,43.12,N,66,43.2,K,1
ITT,03/03/2014,09:33:57.865,43.13,K,1,43.2,K,1
ITT,03/03/2014,09:33:57.865,43.13,K,2,43.2,K,1
ITT,03/03/2014,09:33:57.865,43.13,K,3,43.2,K,1
ITT,03/03/2014,09:33:57.878,43.14,K,1,43.2,K,1
ITT,03/03/2014,09:33:57.883,43.15,N,1,43.2,K,1
ITT,03/03/2014,09:34:17.970,43.15,N,1,43.21,N,1
ITT,03/03/2014,09:34:17.970,43.16,K,1,43.21,N,1
ITT,03/03/2014,09:34:17.971,43.16,K,2,43.21,N,1
ITT,03/03/2014,09:34:17.971,43.16,K,2,43.26,N,1
ITT,03/03/2014,09:34:17.971,43.17,Z,1,43.26,N,1
ITT,03/03/2014,09:34:17.972,43.18,T,1,43.26,N,1
ITT,03/03/2014,09:34:17.973,43.18,T,4,43.26,N,1
ITT,03/03/2014,09:34:17.990,43.19,N,1,43.26,N,1
ITT,03/03/2014,09:34:17.991,43.19,N,1,43.28,C,1
ITT,03/03/2014,09:34:17.991,43.2,T,1,43.28,C,1
ITT,03/03/2014,09:34:17.991,43.2,T,1,43.32,D,4
ITT,03/03/2014,09:34:17.992,43.2,T,1,43.29,C,1
ITT,03/03/2014,09:34:17.992,43.2,T,4,43.29,C,1
ITT,03/03/2014,09:34:17.992,43.2,T,4,43.32,D,4
ITT,03/03/2014,09:34:18.035,43.21,N,1,43.32,D,4
ITT,03/03/2014,09:34:18.082,43.21,N,1,43.35,J,1
ITT,03/03/2014,09:34:18.090,43.21,N,1,43.34,N,1
ITT,03/03/2014,09:34:18.118,43.21,N,1,43.33,N,1
ITT,03/03/2014,09:34:32.046,43.21,C,1,43.33,N,1
ITT,03/03/2014,09:34:32.048,43.2,T,3,43.33,N,1
ITT,03/03/2014,09:34:32.050,43.2,T,3,43.32,T,1
ITT,03/03/2014,09:34:32.051,43.2,B,1,43.32,T,1
ITT,03/03/2014,09:34:32.051,43.19,N,1,43.32,T,1
ITT,03/03/2014,09:34:32.052,43.2,N,1,43.32,T,1
ITT,03/03/2014,09:34:32.095,43.2,N,1,43.31,N,1
ITT,03/03/2014,09:34:32.119,43.2,N,1,43.31,N,2
ITT,03/03/2014,09:34:35.374,43.2,N,1,43.31,N,1
ITT,03/03/2014,09:34:35.389,43.2,N,1,43.32,T,1
ITT,03/03/2014,09:34:35.392,43.21,N,1,43.32,T,1
ITT,03/03/2014,09:34:35.394,43.22,N,1,43.32,T,1
ITT,03/03/2014,09:34:35.476,43.22,N,1,43.31,T,1
ITT,03/03/2014,09:34:35.483,43.22,N,1,43.3,N,1
ITT,03/03/2014,09:34:35.485,43.22,N,1,43.29,T,1
ITT,03/03/2014,09:34:35.507,43.22,T,2,43.29,T,1
ITT,03/03/2014,09:34:35.547,43.22,T,1,43.29,T,1
ITT,03/03/2014,09:34:36.151,43.23,N,1,43.29,T,1
ITT,03/03/2014,09:34:37.125,43.23,Y,2,43.29,T,1
ITT,03/03/2014,09:34:37.126,43.23,Y,1,43.29,T,1
ITT,03/03/2014,09:34:37.126,43.23,B,2,43.29,T,1
ITT,03/03/2014,09:34:37.126,43.23,B,1,43.29,T,1
ITT,03/03/2014,09:34:37.126,43.22,C,1,43.29,T,1
ITT,03/03/2014,09:34:37.126,43.22,N,1,43.29,T,1
ITT,03/03/2014,09:34:37.145,43.22,N,1,43.28,T,1
ITT,03/03/2014,09:34:37.202,43.21,N,1,43.28,T,1
ITT,03/03/2014,09:34:37.203,43.19,N,1,43.28,T,1
ITT,03/03/2014,09:34:37.204,43.19,N,1,43.27,P,1
ITT,03/03/2014,09:34:37.204,43.2,N,1,43.27,P,1
ITT,03/03/2014,09:34:37.234,43.2,B,2,43.27,P,1
ITT,03/03/2014,09:34:37.235,43.2,B,1,43.27,P,1
ITT,03/03/2014,09:34:37.235,43.19,N,1,43.27,P,1
ITT,03/03/2014,09:34:37.235,43.19,N,2,43.27,P,1
ITT,03/03/2014,09:34:37.255,43.19,N,1,43.27,P,1
ITT,03/03/2014,09:34:37.255,43.2,N,1,43.27,P,1
ITT,03/03/2014,09:34:37.278,43.2,B,1,43.27,P,1
ITT,03/03/2014,09:34:37.279,43.19,N,1,43.27,P,1
ITT,03/03/2014,09:34:37.279,43.19,N,2,43.27,P,1
ITT,03/03/2014,09:34:37.301,43.19,N,1,43.27,P,1
ITT,03/03/2014,09:34:37.301,43.2,N,1,43.27,P,1
ITT,03/03/2014,09:34:37.324,43.2,B,1,43.27,P,1
ITT,03/03/2014,09:34:37.325,43.19,N,1,43.27,P,1
ITT,03/03/2014,09:34:37.347,43.2,N,1,43.27,P,1
ITT,03/03/2014,09:34:37.371,43.2,B,1,43.27,P,1
ITT,03/03/2014,09:34:37.372,43.19,N,1,43.27,P,1
ITT,03/03/2014,09:34:37.490,43.2,N,1,43.27,P,1
ITT,03/03/2014,09:34:37.502,43.2,Y,1,43.27,P,1
ITT,03/03/2014,09:34:37.503,43.2,B,1,43.27,P,1
ITT,03/03/2014,09:34:37.504,43.19,N,1,43.27,P,1
ITT,03/03/2014,09:34:37.504,43.19,N,2,43.27,P,1
ITT,03/03/2014,09:34:37.525,43.19,N,1,43.27,P,1
ITT,03/03/2014,09:34:37.656,43.2,N,1,43.27,P,1
ITT,03/03/2014,09:34:37.679,43.2,Y,1,43.27,P,1
ITT,03/03/2014,09:34:37.680,43.2,B,1,43.27,P,1
ITT,03/03/2014,09:34:37.680,43.19,N,1,43.27,P,1
ITT,03/03/2014,09:34:37.680,43.19,N,2,43.27,P,1
ITT,03/03/2014,09:34:37.702,43.19,N,1,43.27,P,1
ITT,03/03/2014,09:34:37.831,43.2,N,1,43.27,P,1
ITT,03/03/2014,09:34:37.854,43.2,Y,1,43.27,P,1
ITT,03/03/2014,09:34:37.855,43.2,B,1,43.27,P,1
ITT,03/03/2014,09:34:37.856,43.19,N,1,43.27,P,1
ITT,03/03/2014,09:34:37.856,43.19,N,2,43.27,P,1
ITT,03/03/2014,09:34:37.878,43.19,N,1,43.27,P,1
ITT,03/03/2014,09:34:38.007,43.2,N,1,43.27,P,1
ITT,03/03/2014,09:34:38.031,43.2,B,1,43.27,P,1
ITT,03/03/2014,09:34:38.032,43.19,N,1,43.27,P,1
ITT,03/03/2014,09:34:38.032,43.19,N,2,43.27,P,1
ITT,03/03/2014,09:34:38.052,43.2,N,1,43.27,P,1
ITT,03/03/2014,09:35:00.233,43.2,N,1,43.28,T,1
ITT,03/03/2014,09:35:00.235,43.21,N,1,43.28,T,1
ITT,03/03/2014,09:35:00.238,43.23,B,1,43.28,T,1
ITT,03/03/2014,09:35:00.248,43.23,B,1,43.27,Z,1
ITT,03/03/2014,09:35:00.268,43.23,B,1,43.28,T,1
ITT,03/03/2014,09:35:01.380,43.23,B,1,43.25,N,1
ITT,03/03/2014,09:35:01.381,43.2,N,2,43.25,N,1
ITT,03/03/2014,09:35:01.390,43.2,N,1,43.25,N,1
ITT,03/03/2014,09:35:01.390,43.2,P,1,43.25,N,1
ITT,03/03/2014,09:35:01.399,43.2,P,1,43.24,T,1
ITT,03/03/2014,09:35:01.967,43.23,N,1,43.24,T,1
ITT,03/03/2014,09:35:01.968,43.23,N,1,43.25,N,1
ITT,03/03/2014,09:35:01.968,43.19,N,1,43.25,N,1
ITT,03/03/2014,09:35:01.969,43.2,C,1,43.25,N,1
ITT,03/03/2014,09:35:01.969,43.19,N,1,43.25,N,1
ITT,03/03/2014,09:35:26.536,43.2,N,1,43.25,N,1
ITT,03/03/2014,09:35:26.874,43.2,N,1,43.24,N,1
ITT,03/03/2014,09:35:26.875,43.2,N,1,43.25,T,1
ITT,03/03/2014,09:35:26.876,43.21,T,1,43.25,T,1
ITT,03/03/2014,09:35:26.876,43.21,T,1,43.25,K,1
ITT,03/03/2014,09:35:26.876,43.22,T,1,43.25,K,1
ITT,03/03/2014,09:35:26.877,43.23,P,1,43.25,K,1
ITT,03/03/2014,09:35:26.877,43.23,P,1,43.25,N,1
ITT,03/03/2014,09:35:26.877,43.24,T,1,43.25,N,1
ITT,03/03/2014,09:35:26.879,43.25,T,1,43.25,N,1
ITT,03/03/2014,09:35:26.879,43.25,T,1,43.29,N,1
ITT,03/03/2014,09:35:26.879,43.25,T,1,43.31,N,4
ITT,03/03/2014,09:35:26.885,43.24,T,1,43.31,N,4
ITT,03/03/2014,09:35:26.892,43.24,T,1,43.3,N,1
ITT,03/03/2014,09:35:26.895,43.25,N,1,43.3,N,1
ITT,03/03/2014,09:35:26.936,43.25,P,1,43.3,N,1
ITT,03/03/2014,09:35:26.937,43.25,P,1,43.29,T,1
ITT,03/03/2014,09:35:26.939,43.24,T,1,43.29,T,1
ITT,03/03/2014,09:35:27.008,43.24,T,1,43.29,N,1
ITT,03/03/2014,09:35:27.025,43.23,K,2,43.29,N,1
ITT,03/03/2014,09:35:27.025,43.23,K,1,43.29,N,1
ITT,03/03/2014,09:35:27.026,43.22,T,1,43.29,N,1
ITT,03/03/2014,09:35:27.026,43.22,T,1,43.29,N,2
ITT,03/03/2014,09:35:27.028,43.22,T,1,43.28,Y,1
ITT,03/03/2014,09:35:27.379,43.22,C,1,43.28,Y,1
ITT,03/03/2014,09:35:27.379,43.22,D,1,43.28,Y,1
ITT,03/03/2014,09:35:27.408,43.21,D,1,43.28,Y,1
ITT,03/03/2014,09:35:27.423,43.2,C,1,43.28,Y,1
ITT,03/03/2014,09:35:28.043,43.2,C,1,43.27,P,1
ITT,03/03/2014,09:35:28.058,43.2,D,1,43.27,P,1
ITT,03/03/2014,09:35:28.079,43.2,N,1,43.27,P,1
ITT,03/03/2014,09:35:28.107,43.2,N,1,43.26,N,1
ITT,03/03/2014,09:35:29.509,43.2,D,1,43.26,N,1
ITT,03/03/2014,09:35:29.532,43.19,T,1,43.26,N,1
ITT,03/03/2014,09:35:33.353,43.2,N,1,43.26,N,1
ITT,03/03/2014,09:35:35.543,43.2,N,1,43.27,P,1
ITT,03/03/2014,09:35:35.544,43.2,N,1,43.29,C,1
ITT,03/03/2014,09:35:35.544,43.2,N,1,43.25,K,1
ITT,03/03/2014,09:35:35.544,43.21,P,1,43.25,K,1
ITT,03/03/2014,09:35:35.544,43.21,P,1,43.3,N,1
ITT,03/03/2014,09:35:35.549,43.22,N,1,43.3,N,1
ITT,03/03/2014,09:35:35.549,43.22,N,1,43.29,N,1
ITT,03/03/2014,09:35:35.550,43.22,N,1,43.3,N,2
ITT,03/03/2014,09:35:35.550,43.22,N,2,43.3,N,2
ITT,03/03/2014,09:35:35.572,43.23,N,1,43.3,N,2
ITT,03/03/2014,09:35:35.595,43.23,N,1,43.3,N,1
ITT,03/03/2014,09:35:35.595,43.24,N,1,43.3,N,1
ITT,03/03/2014,09:35:35.618,43.25,N,1,43.3,N,1
ITT,03/03/2014,09:35:35.640,43.24,N,2,43.3,N,1
ITT,03/03/2014,09:35:35.640,43.24,N,2,43.3,N,2
ITT,03/03/2014,09:35:35.641,43.24,N,1,43.3,N,2
ITT,03/03/2014,09:35:35.663,43.24,N,1,43.3,N,1
ITT,03/03/2014,09:35:35.663,43.25,N,1,43.3,N,1
ITT,03/03/2014,09:35:35.686,43.22,N,1,43.3,N,1
ITT,03/03/2014,09:35:35.686,43.22,N,1,43.3,N,2
ITT,03/03/2014,09:35:35.687,43.24,Y,1,43.3,N,2
ITT,03/03/2014,09:35:35.687,43.22,N,1,43.3,N,2
ITT,03/03/2014,09:35:35.687,43.24,B,1,43.3,N,2
ITT,03/03/2014,09:35:35.687,43.22,N,1,43.3,N,2
ITT,03/03/2014,09:35:35.708,43.23,N,1,43.3,N,2
ITT,03/03/2014,09:35:35.732,43.23,N,1,43.3,N,1
ITT,03/03/2014,09:35:35.732,43.24,N,1,43.3,N,1
ITT,03/03/2014,09:35:35.755,43.25,N,1,43.3,N,1
ITT,03/03/2014,09:35:35.756,43.25,N,2,43.3,N,1
ITT,03/03/2014,09:35:35.867,43.25,N,2,43.3,N,2
ITT,03/03/2014,09:35:37.509,43.25,N,2,43.29,N,1
ITT,03/03/2014,09:35:37.513,43.25,N,1,43.29,N,1
ITT,03/03/2014,09:35:37.521,43.19,N,1,43.29,N,1
ITT,03/03/2014,09:35:37.521,43.2,N,1,43.29,N,1
ITT,03/03/2014,09:35:37.521,43.2,N,1,43.29,N,2
ITT,03/03/2014,09:35:37.544,43.2,T,3,43.29,N,2
ITT,03/03/2014,09:35:37.544,43.21,N,1,43.29,N,2
ITT,03/03/2014,09:35:37.544,43.21,N,1,43.28,N,1
ITT,03/03/2014,09:35:37.548,43.22,N,1,43.28,N,1
ITT,03/03/2014,09:35:39.273,43.22,N,1,43.27,N,1
ITT,03/03/2014,09:35:41.845,43.22,N,1,43.29,C,1
ITT,03/03/2014,09:35:41.845,43.22,N,2,43.29,C,1
ITT,03/03/2014,09:35:41.845,43.22,N,2,43.3,N,1
ITT,03/03/2014,09:35:41.854,43.22,N,2,43.26,Z,1
ITT,03/03/2014,09:35:41.855,43.22,N,1,43.26,Z,1
ITT,03/03/2014,09:35:41.855,43.23,N,1,43.26,Z,1
ITT,03/03/2014,09:35:41.855,43.23,N,1,43.3,N,1
ITT,03/03/2014,09:35:41.856,43.23,N,1,43.31,C,1
ITT,03/03/2014,09:35:41.856,43.24,T,1,43.31,C,1
ITT,03/03/2014,09:35:41.856,43.24,T,1,43.36,N,2
ITT,03/03/2014,09:35:41.857,43.24,T,1,43.32,C,1
ITT,03/03/2014,09:35:41.858,43.24,T,1,43.36,N,2
ITT,03/03/2014,09:35:41.878,43.25,N,1,43.36,N,2
ITT,03/03/2014,09:35:41.878,43.25,N,1,43.35,N,1
ITT,03/03/2014,09:35:41.895,43.25,N,1,43.34,N,1
ITT,03/03/2014,09:35:41.901,43.26,N,1,43.34,N,1
ITT,03/03/2014,09:35:41.901,43.26,N,1,43.33,N,1
ITT,03/03/2014,09:35:41.925,43.26,N,1,43.32,N,1
ITT,03/03/2014,09:35:41.933,43.26,N,1,43.33,N,1
ITT,03/03/2014,09:35:41.933,43.27,N,1,43.33,N,1
ITT,03/03/2014,09:35:41.936,43.27,N,1,43.32,N,1
ITT,03/03/2014,09:35:41.948,43.26,N,1,43.32,N,1
ITT,03/03/2014,09:35:41.971,43.27,N,1,43.32,N,1
ITT,03/03/2014,09:35:41.994,43.25,N,1,43.32,N,1
ITT,03/03/2014,09:35:41.995,43.26,Y,1,43.32,N,1
ITT,03/03/2014,09:35:41.995,43.25,N,1,43.32,N,1
ITT,03/03/2014,09:35:41.995,43.26,B,1,43.32,N,1
ITT,03/03/2014,09:35:41.995,43.25,N,1,43.32,N,1
ITT,03/03/2014,09:35:42.011,43.26,N,1,43.32,N,1
ITT,03/03/2014,09:35:42.017,43.27,N,1,43.32,N,1
ITT,03/03/2014,09:35:42.338,43.24,N,1,43.32,N,1
ITT,03/03/2014,09:35:42.342,43.25,N,1,43.32,N,1
ITT,03/03/2014,09:35:45.105,43.25,N,1,43.32,Y,3
ITT,03/03/2014,09:35:45.106,43.25,N,1,43.32,Y,2
ITT,03/03/2014,09:35:45.106,43.25,N,1,43.32,Y,1
ITT,03/03/2014,09:35:45.106,43.25,N,1,43.32,B,3
ITT,03/03/2014,09:35:45.106,43.25,N,1,43.32,B,2
ITT,03/03/2014,09:35:45.106,43.25,N,1,43.32,B,1
ITT,03/03/2014,09:35:45.106,43.25,N,1,43.33,C,1
ITT,03/03/2014,09:35:45.106,43.25,N,1,43.33,N,1
ITT,03/03/2014,09:35:46.104,43.25,N,1,43.32,N,1
ITT,03/03/2014,09:35:46.113,43.22,T,1,43.32,N,1
ITT,03/03/2014,09:35:46.138,43.23,N,1,43.32,N,1
ITT,03/03/2014,09:35:47.645,43.22,T,1,43.32,N,1
ITT,03/03/2014,09:35:47.648,43.23,N,1,43.32,N,1
ITT,03/03/2014,09:35:47.734,43.24,N,1,43.32,N,1
ITT,03/03/2014,09:35:47.757,43.23,N,1,43.32,N,1
ITT,03/03/2014,09:35:47.778,43.22,T,1,43.32,N,1
ITT,03/03/2014,09:35:47.804,43.23,N,1,43.32,N,1
ITT,03/03/2014,09:35:47.849,43.22,T,1,43.32,N,1
ITT,03/03/2014,09:35:47.872,43.23,N,1,43.32,N,1
ITT,03/03/2014,09:35:47.895,43.24,N,1,43.32,N,1
ITT,03/03/2014,09:35:47.918,43.22,T,1,43.32,N,1
ITT,03/03/2014,09:35:48.061,43.23,N,1,43.32,N,1
ITT,03/03/2014,09:35:48.061,43.23,N,2,43.32,N,1
ITT,03/03/2014,09:35:48.072,43.24,N,1,43.32,N,1
ITT,03/03/2014,09:35:48.094,43.23,N,1,43.32,N,1
ITT,03/03/2014,09:35:48.269,43.24,N,1,43.32,N,1
ITT,03/03/2014,09:35:48.292,43.23,N,1,43.32,N,1
ITT,03/03/2014,09:35:48.318,43.23,B,1,43.32,N,1
ITT,03/03/2014,09:35:48.319,43.22,T,1,43.32,N,1
ITT,03/03/2014,09:35:48.338,43.23,N,1,43.32,N,1
ITT,03/03/2014,09:35:48.427,43.24,N,1,43.32,N,1
ITT,03/03/2014,09:35:48.449,43.22,T,1,43.32,N,1
ITT,03/03/2014,09:35:48.450,43.23,Y,1,43.32,N,1
ITT,03/03/2014,09:35:48.450,43.22,T,1,43.32,N,1
ITT,03/03/2014,09:35:48.450,43.23,B,1,43.32,N,1
ITT,03/03/2014,09:35:48.450,43.22,T,1,43.32,N,1
ITT,03/03/2014,09:35:48.573,43.23,N,1,43.32,N,1
ITT,03/03/2014,09:35:48.619,43.24,N,1,43.32,N,1
ITT,03/03/2014,09:35:48.641,43.22,T,1,43.32,N,1
ITT,03/03/2014,09:35:48.819,43.23,N,1,43.32,N,1
ITT,03/03/2014,09:35:49.185,43.24,N,1,43.32,N,1
ITT,03/03/2014,09:35:49.835,43.24,N,1,43.32,B,3
ITT,03/03/2014,09:35:49.836,43.24,N,1,43.32,B,2
ITT,03/03/2014,09:35:49.836,43.24,N,1,43.32,B,1
ITT,03/03/2014,09:35:49.837,43.24,N,1,43.32,C,1
ITT,03/03/2014,09:35:49.837,43.24,N,1,43.33,N,1
ITT,03/03/2014,09:35:49.844,43.25,N,1,43.33,N,1
ITT,03/03/2014,09:35:49.848,43.25,N,1,43.31,N,1
ITT,03/03/2014,09:35:49.875,43.25,C,1,43.31,N,1
ITT,03/03/2014,09:35:49.876,43.23,N,1,43.31,N,1
ITT,03/03/2014,09:35:49.883,43.23,N,1,43.3,N,1
ITT,03/03/2014,09:35:49.897,43.24,N,1,43.3,N,1
ITT,03/03/2014,09:35:49.917,43.24,N,1,43.31,C,1
ITT,03/03/2014,09:35:49.918,43.24,N,1,43.31,N,1
ITT,03/03/2014,09:35:49.920,43.25,N,1,43.31,N,1
ITT,03/03/2014,09:35:50.477,43.25,N,1,43.33,N,1
ITT,03/03/2014,09:35:50.477,43.26,T,1,43.33,N,1
ITT,03/03/2014,09:35:50.477,43.26,T,1,43.38,N,2
ITT,03/03/2014,09:35:50.478,43.26,T,1,43.35,C,1
ITT,03/03/2014,09:35:50.478,43.27,T,1,43.35,C,1
ITT,03/03/2014,09:35:50.478,43.27,T,1,43.38,N,2
ITT,03/03/2014,09:35:50.495,43.28,N,1,43.38,N,2
ITT,03/03/2014,09:35:50.517,43.29,N,1,43.38,N,2
ITT,03/03/2014,09:35:50.576,43.29,N,1,43.38,Y,2
ITT,03/03/2014,09:35:50.577,43.29,N,1,43.38,Y,1
ITT,03/03/2014,09:35:50.577,43.29,N,1,43.38,B,2
ITT,03/03/2014,09:35:50.577,43.29,N,1,43.38,B,1
ITT,03/03/2014,09:35:50.577,43.29,N,1,43.41,N,2
ITT,03/03/2014,09:35:50.578,43.29,N,1,43.41,Y,1
ITT,03/03/2014,09:35:50.578,43.29,N,1,43.41,B,1
ITT,03/03/2014,09:35:50.579,43.29,N,1,43.42,D,5
ITT,03/03/2014,09:35:50.581,43.3,N,1,43.42,D,5
ITT,03/03/2014,09:35:50.609,43.29,C,1,43.42,D,5
ITT,03/03/2014,09:35:50.610,43.28,N,1,43.42,D,5
ITT,03/03/2014,09:35:50.613,43.28,N,1,43.42,T,3
ITT,03/03/2014,09:35:50.630,43.2,K,1,43.42,T,3
ITT,03/03/2014,09:35:50.630,43.21,N,1,43.42,T,3
ITT,03/03/2014,09:35:50.630,43.26,Y,1,43.42,T,3
ITT,03/03/2014,09:35:50.630,43.21,N,1,43.42,T,3
ITT,03/03/2014,09:35:50.634,43.21,N,1,43.41,P,1
ITT,03/03/2014,09:35:50.634,43.21,N,1,43.41,P,2
ITT,03/03/2014,09:35:50.638,43.21,N,1,43.4,N,1
ITT,03/03/2014,09:35:50.653,43.22,N,1,43.4,N,1
ITT,03/03/2014,09:35:50.677,43.23,Y,1,43.4,N,1
ITT,03/03/2014,09:35:50.682,43.23,Y,1,43.4,P,1
ITT,03/03/2014,09:35:50.699,43.24,N,1,43.4,P,1
ITT,03/03/2014,09:35:50.701,43.24,N,1,43.39,N,1
ITT,03/03/2014,09:35:50.701,43.25,N,1,43.39,N,1
ITT,03/03/2014,09:35:50.722,43.26,N,1,43.39,N,1
ITT,03/03/2014,09:35:50.754,43.26,N,1,43.4,Y,1
ITT,03/03/2014,09:35:50.754,43.26,N,1,43.42,T,3
ITT,03/03/2014,09:35:50.762,43.26,N,1,43.41,N,1
ITT,03/03/2014,09:35:50.767,43.27,N,1,43.41,N,1
ITT,03/03/2014,09:35:50.794,43.27,N,1,43.41,Y,1
ITT,03/03/2014,09:35:50.794,43.27,N,1,43.41,B,1
ITT,03/03/2014,09:35:50.795,43.27,N,1,43.42,T,3
ITT,03/03/2014,09:35:50.980,43.27,N,1,43.41,N,1
ITT,03/03/2014,09:35:56.639,43.26,Y,1,43.41,N,1
ITT,03/03/2014,09:35:56.640,43.26,N,1,43.41,N,1
ITT,03/03/2014,09:35:56.641,43.27,N,1,43.41,N,1
ITT,03/03/2014,09:35:56.693,43.26,N,2,43.41,N,1
ITT,03/03/2014,09:35:56.693,43.26,N,1,43.41,N,1
ITT,03/03/2014,09:35:57.104,43.26,N,2,43.41,N,1
ITT,03/03/2014,09:35:57.127,43.27,K,2,43.41,N,1
ITT,03/03/2014,09:35:57.138,43.28,N,1,43.41,N,1
ITT,03/03/2014,09:35:57.161,43.27,K,2,43.41,N,1
ITT,03/03/2014,09:35:57.184,43.28,N,1,43.41,N,1
ITT,03/03/2014,09:35:57.208,43.27,K,2,43.41,N,1
ITT,03/03/2014,09:35:57.231,43.28,N,1,43.41,N,1
ITT,03/03/2014,09:35:58.587,43.27,K,2,43.41,N,1
ITT,03/03/2014,09:35:58.589,43.28,N,1,43.41,N,1
ITT,03/03/2014,09:35:59.033,43.28,N,2,43.41,N,1
ITT,03/03/2014,09:36:00.914,43.28,N,1,43.41,N,1
ITT,03/03/2014,09:36:04.777,43.29,K,2,43.41,N,1
ITT,03/03/2014,09:36:04.883,43.29,K,2,43.4,P,3
ITT,03/03/2014,09:36:16.989,43.29,K,2,43.39,T,1
ITT,03/03/2014,09:36:16.989,43.29,K,2,43.39,T,2
ITT,03/03/2014,09:36:17.076,43.29,K,2,43.39,T,1
ITT,03/03/2014,09:36:17.976,43.29,K,2,43.39,C,1
ITT,03/03/2014,09:36:17.977,43.29,K,2,43.38,P,1
ITT,03/03/2014,09:36:36.726,43.3,N,1,43.38,P,1
ITT,03/03/2014,09:36:43.212,43.31,Z,2,43.38,P,1
ITT,03/03/2014,09:36:55.318,43.31,N,1,43.38,P,1
ITT,03/03/2014,09:36:55.318,43.3,N,1,43.38,P,1
ITT,03/03/2014,09:36:56.678,43.31,N,1,43.38,P,1
ITT,03/03/2014,09:37:03.177,43.3,N,1,43.38,P,1
ITT,03/03/2014,09:37:03.683,43.31,N,1,43.38,P,1
ITT,03/03/2014,09:37:12.144,43.3,N,1,43.38,P,1
ITT,03/03/2014,09:37:14.038,43.31,N,1,43.38,P,1
ITT,03/03/2014,09:37:15.370,43.31,N,1,43.38,B,1
ITT,03/03/2014,09:37:21.072,43.3,N,1,43.38,B,1
ITT,03/03/2014,09:37:21.470,43.31,N,1,43.38,B,1
ITT,03/03/2014,09:37:26.393,43.31,N,1,43.37,N,1
ITT,03/03/2014,09:37:27.747,43.3,N,1,43.37,N,1
ITT,03/03/2014,09:37:27.750,43.3,N,1,43.36,N,1
ITT,03/03/2014,09:37:27.802,43.3,N,1,43.37,N,1
ITT,03/03/2014,09:37:27.988,43.3,N,1,43.37,N,2
ITT,03/03/2014,09:37:28.008,43.27,T,1,43.37,N,2
ITT,03/03/2014,09:37:28.010,43.27,T,1,43.36,N,1
ITT,03/03/2014,09:37:28.064,43.27,T,1,43.36,T,1
ITT,03/03/2014,09:37:28.156,43.27,T,1,43.36,B,1
ITT,03/03/2014,09:37:28.156,43.27,T,1,43.37,N,2
ITT,03/03/2014,09:37:28.495,43.28,N,1,43.37,N,2
ITT,03/03/2014,09:37:28.497,43.28,N,1,43.36,N,1
ITT,03/03/2014,09:37:29.084,43.28,N,1,43.36,N,2
ITT,03/03/2014,09:37:31.075,43.28,N,1,43.36,N,1
ITT,03/03/2014,09:37:35.685,43.28,N,1,43.36,N,2
ITT,03/03/2014,09:37:35.827,43.28,N,1,43.36,N,1
ITT,03/03/2014,09:37:35.829,43.28,N,1,43.36,B,1
ITT,03/03/2014,09:37:35.831,43.28,N,1,43.37,N,3
ITT,03/03/2014,09:37:37.995,43.28,N,1,43.37,N,2
ITT,03/03/2014,09:37:38.094,43.28,N,2,43.37,N,2
ITT,03/03/2014,09:37:38.099,43.28,N,1,43.37,N,2
ITT,03/03/2014,09:37:40.583,43.29,N,1,43.37,N,2
ITT,03/03/2014,09:37:40.718,43.29,N,2,43.37,N,2
ITT,03/03/2014,09:37:42.068,43.3,Z,2,43.37,N,2
ITT,03/03/2014,09:37:44.674,43.31,N,1,43.37,N,2
ITT,03/03/2014,09:37:44.697,43.3,Z,2,43.37,N,2
ITT,03/03/2014,09:37:46.501,43.3,Z,2,43.37,N,3
ITT,03/03/2014,09:37:47.269,43.3,Z,2,43.37,N,2
ITT,03/03/2014,09:37:48.030,43.31,N,1,43.37,N,2
ITT,03/03/2014,09:37:48.053,43.3,Z,2,43.37,N,2
ITT,03/03/2014,09:37:48.075,43.31,N,1,43.37,N,2
ITT,03/03/2014,09:37:48.098,43.3,Z,2,43.37,N,2
ITT,03/03/2014,09:37:48.123,43.31,N,1,43.37,N,2
ITT,03/03/2014,09:37:48.146,43.3,Z,2,43.37,N,2
ITT,03/03/2014,09:37:48.273,43.31,N,1,43.37,N,2
ITT,03/03/2014,09:37:48.296,43.3,Z,2,43.37,N,2
ITT,03/03/2014,09:37:48.403,43.31,N,1,43.37,N,2
ITT,03/03/2014,09:37:48.426,43.3,Z,2,43.37,N,2
ITT,03/03/2014,09:37:48.617,43.31,N,1,43.37,N,2
ITT,03/03/2014,09:37:48.640,43.3,Z,2,43.37,N,2
ITT,03/03/2014,09:37:48.772,43.31,N,1,43.37,N,2
ITT,03/03/2014,09:37:48.796,43.3,Z,2,43.37,N,2
ITT,03/03/2014,09:37:48.969,43.31,N,1,43.37,N,2
ITT,03/03/2014,09:37:48.992,43.3,Z,2,43.37,N,2
ITT,03/03/2014,09:37:49.118,43.31,N,1,43.37,N,2
ITT,03/03/2014,09:37:49.141,43.3,Z,2,43.37,N,2
ITT,03/03/2014,09:37:49.269,43.31,N,1,43.37,N,2
ITT,03/03/2014,09:37:49.291,43.3,Z,2,43.37,N,2
ITT,03/03/2014,09:37:55.497,43.31,N,1,43.37,N,2
ITT,03/03/2014,09:37:55.497,43.3,Z,2,43.37,N,2
ITT,03/03/2014,09:37:57.349,43.3,C,1,43.37,N,2
ITT,03/03/2014,09:37:57.351,43.29,N,2,43.37,N,2
ITT,03/03/2014,09:37:57.353,43.29,N,1,43.37,N,2
ITT,03/03/2014,09:37:57.363,43.29,N,1,43.37,N,3
ITT,03/03/2014,09:37:58.435,43.29,N,1,43.37,N,4
ITT,03/03/2014,09:37:59.988,43.29,N,1,43.37,N,3
ITT,03/03/2014,09:38:00.000,43.29,N,1,43.37,N,2
ITT,03/03/2014,09:38:00.334,43.3,Z,2,43.37,N,2
ITT,03/03/2014,09:38:08.514,43.3,Z,2,43.37,N,1
ITT,03/03/2014,09:38:08.514,43.31,N,1,43.37,N,1
ITT,03/03/2014,09:38:08.515,43.32,P,1,43.37,N,1
ITT,03/03/2014,09:38:08.515,43.32,P,1,43.4,P,3
ITT,03/03/2014,09:38:08.516,43.37,N,1,43.4,P,3
ITT,03/03/2014,09:38:08.684,43.36,C,1,43.4,P,3
ITT,03/03/2014,09:38:08.684,43.36,C,1,43.39,T,1
ITT,03/03/2014,09:38:08.684,43.3,Z,2,43.39,T,1
ITT,03/03/2014,09:38:08.685,43.31,Y,1,43.39,T,1
ITT,03/03/2014,09:38:08.685,43.31,B,1,43.39,T,1
ITT,03/03/2014,09:38:08.685,43.31,C,1,43.39,T,1
ITT,03/03/2014,09:38:08.686,43.3,Z,2,43.39,T,1
ITT,03/03/2014,09:38:08.709,43.31,N,1,43.39,T,1
ITT,03/03/2014,09:38:08.731,43.32,N,1,43.39,T,1
ITT,03/03/2014,09:38:08.755,43.33,N,1,43.39,T,1
ITT,03/03/2014,09:38:08.830,43.33,N,1,43.39,N,1
ITT,03/03/2014,09:38:08.830,43.33,N,1,43.4,P,3
ITT,03/03/2014,09:38:10.269,43.3,N,1,43.4,P,3
ITT,03/03/2014,09:38:10.272,43.31,N,1,43.4,P,3
ITT,03/03/2014,09:38:10.293,43.31,N,1,43.39,N,1
ITT,03/03/2014,09:38:10.293,43.31,N,2,43.39,N,1
ITT,03/03/2014,09:38:10.315,43.31,N,2,43.4,P,3
ITT,03/03/2014,09:38:10.315,43.32,N,1,43.4,P,3
ITT,03/03/2014,09:38:10.959,43.32,N,1,43.39,N,1
ITT,03/03/2014,09:38:10.962,43.32,N,1,43.4,P,3
ITT,03/03/2014,09:38:10.962,43.32,N,1,43.39,N,1
ITT,03/03/2014,09:38:10.962,43.32,N,1,43.4,P,3
ITT,03/03/2014,09:38:10.981,43.29,N,2,43.4,P,3
ITT,03/03/2014,09:38:10.982,43.29,N,3,43.4,P,3
ITT,03/03/2014,09:38:10.983,43.3,Y,1,43.4,P,3
ITT,03/03/2014,09:38:10.983,43.3,B,1,43.4,P,3
ITT,03/03/2014,09:38:10.983,43.29,N,3,43.4,P,3
ITT,03/03/2014,09:38:11.003,43.3,N,1,43.4,P,3
ITT,03/03/2014,09:38:11.026,43.31,N,1,43.4,P,3
ITT,03/03/2014,09:38:11.128,43.31,N,1,43.39,N,1
ITT,03/03/2014,09:38:11.129,43.31,N,1,43.4,P,3
ITT,03/03/2014,09:38:11.130,43.32,N,1,43.4,P,3
ITT,03/03/2014,09:38:11.130,43.3,Y,2,43.4,P,3
ITT,03/03/2014,09:38:11.245,43.3,Y,2,43.39,N,1
ITT,03/03/2014,09:38:11.245,43.31,N,1,43.39,N,1
ITT,03/03/2014,09:38:11.268,43.31,N,1,43.4,P,3
ITT,03/03/2014,09:38:11.269,43.32,N,1,43.4,P,3
ITT,03/03/2014,09:38:11.292,43.33,N,1,43.4,P,3
ITT,03/03/2014,09:38:12.777,43.32,N,2,43.4,P,3
ITT,03/03/2014,09:38:12.778,43.32,N,1,43.4,P,3
ITT,03/03/2014,09:38:13.411,43.33,N,1,43.4,P,3
ITT,03/03/2014,09:38:13.729,43.32,C,1,43.4,P,3
ITT,03/03/2014,09:38:13.730,43.32,T,1,43.4,P,3
ITT,03/03/2014,09:38:13.751,43.32,T,1,43.39,N,1
ITT,03/03/2014,09:38:13.774,43.32,T,1,43.4,P,3
ITT,03/03/2014,09:38:13.796,43.32,T,1,43.39,N,1
ITT,03/03/2014,09:38:13.820,43.32,T,1,43.4,P,3
ITT,03/03/2014,09:38:13.843,43.32,T,1,43.39,N,1
ITT,03/03/2014,09:38:13.865,43.32,T,1,43.4,P,3
ITT,03/03/2014,09:38:13.997,43.32,T,1,43.39,N,1
ITT,03/03/2014,09:38:14.020,43.32,T,1,43.4,P,3
ITT,03/03/2014,09:38:14.144,43.32,T,1,43.39,N,1
ITT,03/03/2014,09:38:14.166,43.32,T,1,43.4,P,3
ITT,03/03/2014,09:38:14.293,43.32,T,1,43.39,N,1
ITT,03/03/2014,09:38:14.315,43.32,T,1,43.4,P,3
ITT,03/03/2014,09:38:14.448,43.32,T,1,43.39,N,1
ITT,03/03/2014,09:38:14.471,43.32,T,1,43.4,P,3
ITT,03/03/2014,09:38:14.663,43.32,T,1,43.39,N,1
ITT,03/03/2014,09:38:14.709,43.32,T,1,43.4,P,3
ITT,03/03/2014,09:38:14.832,43.32,T,1,43.39,N,1
ITT,03/03/2014,09:38:14.877,43.32,T,1,43.4,P,3
ITT,03/03/2014,09:38:15.010,43.32,T,1,43.39,N,1
ITT,03/03/2014,09:38:15.055,43.32,T,1,43.4,P,3
ITT,03/03/2014,09:38:15.186,43.32,T,1,43.39,N,1
ITT,03/03/2014,09:38:15.208,43.32,T,1,43.4,P,3
ITT,03/03/2014,09:38:15.316,43.32,T,1,43.39,N,1
ITT,03/03/2014,09:38:15.339,43.32,T,1,43.4,P,3
ITT,03/03/2014,09:38:15.493,43.32,T,1,43.39,N,1
ITT,03/03/2014,09:38:15.532,43.32,T,1,43.4,P,3
ITT,03/03/2014,09:38:15.691,43.32,T,1,43.39,N,1
ITT,03/03/2014,09:38:15.736,43.32,T,1,43.4,P,3
ITT,03/03/2014,09:38:15.860,43.32,T,1,43.39,N,1
ITT,03/03/2014,09:38:15.883,43.32,T,1,43.4,P,3
ITT,03/03/2014,09:38:16.015,43.32,T,1,43.39,N,1
ITT,03/03/2014,09:38:16.038,43.32,T,1,43.4,P,3
ITT,03/03/2014,09:38:16.212,43.32,T,1,43.39,N,1
ITT,03/03/2014,09:38:16.235,43.32,T,1,43.4,P,3
ITT,03/03/2014,09:38:16.368,43.32,T,1,43.39,N,1
ITT,03/03/2014,09:38:16.391,43.32,T,1,43.4,P,3
ITT,03/03/2014,09:38:16.493,43.32,T,1,43.39,N,1
ITT,03/03/2014,09:38:16.501,43.32,T,1,43.4,P,3
ITT,03/03/2014,09:38:16.627,43.32,T,1,43.39,N,1
ITT,03/03/2014,09:38:16.649,43.32,T,1,43.4,P,3
ITT,03/03/2014,09:38:16.772,43.32,T,1,43.39,N,1
ITT,03/03/2014,09:38:16.795,43.32,T,1,43.4,P,3
ITT,03/03/2014,09:38:16.921,43.32,T,1,43.39,N,1
ITT,03/03/2014,09:38:16.944,43.32,T,1,43.4,P,3
ITT,03/03/2014,09:38:17.073,43.32,T,1,43.39,N,1
ITT,03/03/2014,09:38:17.096,43.32,T,1,43.4,P,3
ITT,03/03/2014,09:38:17.226,43.32,T,1,43.39,N,1
ITT,03/03/2014,09:38:17.249,43.32,T,1,43.4,P,3
ITT,03/03/2014,09:38:17.493,43.32,T,1,43.39,N,1
ITT,03/03/2014,09:38:23.352,43.33,K,2,43.39,N,1
ITT,03/03/2014,09:38:23.375,43.33,K,2,43.4,P,3
ITT,03/03/2014,09:38:23.397,43.33,K,2,43.39,N,1
ITT,03/03/2014,09:38:23.420,43.33,K,2,43.4,P,3
ITT,03/03/2014,09:38:23.444,43.33,K,2,43.39,N,1
ITT,03/03/2014,09:38:23.467,43.33,K,2,43.4,P,3
ITT,03/03/2014,09:38:23.641,43.33,K,2,43.39,N,1
ITT,03/03/2014,09:38:23.664,43.33,K,2,43.4,P,3
ITT,03/03/2014,09:38:23.792,43.33,K,2,43.39,N,1
ITT,03/03/2014,09:38:23.816,43.33,K,2,43.4,P,3
ITT,03/03/2014,09:38:23.989,43.33,K,2,43.39,N,1
ITT,03/03/2014,09:38:24.012,43.33,K,2,43.4,P,3
ITT,03/03/2014,09:38:24.163,43.33,K,2,43.39,N,1
ITT,03/03/2014,09:38:24.185,43.33,K,2,43.4,P,3
ITT,03/03/2014,09:38:24.315,43.33,K,2,43.39,N,1
ITT,03/03/2014,09:38:24.339,43.33,K,2,43.4,P,3
ITT,03/03/2014,09:38:24.463,43.33,K,2,43.39,N,1
ITT,03/03/2014,09:38:24.486,43.33,K,2,43.4,P,3
ITT,03/03/2014,09:38:24.613,43.33,K,2,43.39,N,1
ITT,03/03/2014,09:38:24.637,43.33,K,2,43.4,P,3
ITT,03/03/2014,09:38:24.764,43.33,K,2,43.39,N,1
ITT,03/03/2014,09:38:24.786,43.33,K,2,43.4,P,3
ITT,03/03/2014,09:38:24.918,43.33,K,2,43.39,N,1
ITT,03/03/2014,09:38:24.941,43.33,K,2,43.4,P,3
ITT,03/03/2014,09:38:25.071,43.33,K,2,43.39,N,1
ITT,03/03/2014,09:38:25.094,43.33,K,2,43.4,P,3
ITT,03/03/2014,09:38:25.264,43.33,K,2,43.39,N,1
ITT,03/03/2014,09:38:25.287,43.33,K,2,43.4,P,3
ITT,03/03/2014,09:38:25.415,43.33,K,2,43.39,N,1
ITT,03/03/2014,09:38:25.438,43.33,K,2,43.4,P,3
ITT,03/03/2014,09:38:25.628,43.33,K,2,43.39,N,1
ITT,03/03/2014,09:38:25.652,43.33,K,2,43.4,P,3
ITT,03/03/2014,09:38:25.779,43.33,K,2,43.39,N,1
ITT,03/03/2014,09:38:25.801,43.33,K,2,43.4,P,3
ITT,03/03/2014,09:38:25.926,43.33,K,2,43.39,N,1
ITT,03/03/2014,09:38:25.948,43.33,K,2,43.4,P,3
ITT,03/03/2014,09:38:26.075,43.33,K,2,43.39,N,1
ITT,03/03/2014,09:38:26.097,43.33,K,2,43.4,P,3
ITT,03/03/2014,09:38:26.223,43.33,K,2,43.39,N,1
ITT,03/03/2014,09:38:26.245,43.33,K,2,43.4,P,3
ITT,03/03/2014,09:38:26.372,43.33,K,2,43.39,N,1
ITT,03/03/2014,09:38:26.394,43.33,K,2,43.4,P,3
ITT,03/03/2014,09:38:26.521,43.33,K,2,43.39,N,1
ITT,03/03/2014,09:38:26.544,43.33,K,2,43.4,P,3
ITT,03/03/2014,09:38:26.672,43.33,K,2,43.39,N,1
ITT,03/03/2014,09:38:26.718,43.33,K,2,43.4,P,3
ITT,03/03/2014,09:38:26.849,43.33,K,2,43.39,N,1
ITT,03/03/2014,09:38:26.894,43.33,K,2,43.4,P,3
ITT,03/03/2014,09:38:27.022,43.33,K,2,43.39,N,1
ITT,03/03/2014,09:38:29.508,43.33,K,2,43.39,N,2
ITT,03/03/2014,09:38:30.323,43.33,K,2,43.38,T,1
ITT,03/03/2014,09:38:31.583,43.33,N,1,43.38,T,1
ITT,03/03/2014,09:38:31.584,43.32,C,1,43.38,T,1
ITT,03/03/2014,09:38:31.585,43.29,N,1,43.38,T,1
ITT,03/03/2014,09:38:31.586,43.3,N,1,43.38,T,1
ITT,03/03/2014,09:38:31.645,43.3,T,1,43.38,T,1
ITT,03/03/2014,09:38:41.912,43.31,Z,2,43.38,T,1
ITT,03/03/2014,09:38:41.912,43.31,Z,3,43.38,T,1
ITT,03/03/2014,09:38:41.924,43.32,N,1,43.38,T,1
ITT,03/03/2014,09:38:41.947,43.31,Z,3,43.38,T,1
ITT,03/03/2014,09:38:42.675,43.31,Z,2,43.38,T,1
ITT,03/03/2014,09:38:42.677,43.32,N,1,43.38,T,1
ITT,03/03/2014,09:38:48.961,43.33,N,1,43.38,T,1
ITT,03/03/2014,09:39:02.177,43.33,N,1,43.39,N,1
ITT,03/03/2014,09:39:02.178,43.34,T,1,43.39,N,1
ITT,03/03/2014,09:39:02.178,43.34,T,2,43.39,N,1
ITT,03/03/2014,09:39:02.187,43.34,T,2,43.4,P,3
ITT,03/03/2014,09:39:02.187,43.35,N,1,43.4,P,3
ITT,03/03/2014,09:39:02.188,43.39,P,1,43.4,P,3
ITT,03/03/2014,09:39:02.190,43.39,P,1,43.4,P,2
ITT,03/03/2014,09:39:02.192,43.39,P,1,43.4,K,3
ITT,03/03/2014,09:39:02.192,43.39,P,1,43.4,K,2
ITT,03/03/2014,09:39:02.192,43.39,P,1,43.4,K,1
ITT,03/03/2014,09:39:02.193,43.35,T,2,43.4,K,1
ITT,03/03/2014,09:39:02.193,43.4,N,3,43.4,K,1
ITT,03/03/2014,09:39:02.195,43.4,N,2,43.4,K,1
ITT,03/03/2014,09:39:02.196,43.4,N,2,43.43,N,2
ITT,03/03/2014,09:39:02.198,43.36,T,2,43.43,N,2
ITT,03/03/2014,09:39:02.198,43.36,T,1,43.43,N,2
ITT,03/03/2014,09:39:02.208,43.36,T,1,43.4,P,1
ITT,03/03/2014,09:39:02.209,43.35,T,1,43.4,P,1
ITT,03/03/2014,09:39:02.210,43.34,T,1,43.4,P,1
ITT,03/03/2014,09:39:02.210,43.33,Z,1,43.4,P,1
ITT,03/03/2014,09:39:02.211,43.33,Z,1,43.4,T,1
ITT,03/03/2014,09:39:02.212,43.38,N,1,43.4,T,1
ITT,03/03/2014,09:39:02.222,43.33,N,2,43.4,T,1
ITT,03/03/2014,09:39:02.222,43.33,N,1,43.4,T,1
ITT,03/03/2014,09:39:02.223,43.33,N,1,43.39,P,1
ITT,03/03/2014,09:39:02.253,43.34,N,1,43.39,P,1
ITT,03/03/2014,09:39:02.276,43.33,Z,1,43.39,P,1
ITT,03/03/2014,09:39:02.299,43.34,N,1,43.39,P,1
ITT,03/03/2014,09:39:02.316,43.34,N,1,43.39,T,1
ITT,03/03/2014,09:39:02.323,43.33,Z,1,43.39,T,1
ITT,03/03/2014,09:39:02.377,43.33,Z,1,43.39,N,1
ITT,03/03/2014,09:39:02.390,43.33,Z,1,43.4,P,1
ITT,03/03/2014,09:39:02.436,43.34,N,1,43.4,P,1
ITT,03/03/2014,09:39:02.460,43.33,Z,1,43.4,P,1
ITT,03/03/2014,09:39:02.460,43.33,Z,1,43.39,N,1
ITT,03/03/2014,09:39:02.591,43.34,N,1,43.39,N,1
ITT,03/03/2014,09:39:02.615,43.33,Z,1,43.39,N,1
ITT,03/03/2014,09:39:02.819,43.33,Z,1,43.39,N,2
ITT,03/03/2014,09:39:02.975,43.33,N,1,43.39,N,2
ITT,03/03/2014,09:39:03.130,43.33,N,1,43.38,N,1
ITT,03/03/2014,09:39:03.133,43.33,N,2,43.38,N,1
ITT,03/03/2014,09:39:03.142,43.33,N,1,43.38,N,1
ITT,03/03/2014,09:39:04.791,43.33,N,1,43.39,N,2
ITT,03/03/2014,09:39:04.814,43.33,N,1,43.38,N,1
ITT,03/03/2014,09:39:04.838,43.33,N,1,43.39,N,2
ITT,03/03/2014,09:39:04.861,43.33,N,1,43.38,N,1
ITT,03/03/2014,09:39:04.883,43.33,N,1,43.39,N,2
ITT,03/03/2014,09:39:05.013,43.33,N,1,43.38,N,1
ITT,03/03/2014,09:39:05.036,43.33,N,1,43.39,N,2
ITT,03/03/2014,09:39:05.168,43.33,N,1,43.38,N,1
ITT,03/03/2014,09:39:05.190,43.33,N,1,43.39,N,2
ITT,03/03/2014,09:39:05.319,43.33,N,1,43.38,N,1
ITT,03/03/2014,09:39:05.342,43.33,N,1,43.39,N,2
ITT,03/03/2014,09:39:05.474,43.33,N,1,43.38,N,1
ITT,03/03/2014,09:39:05.496,43.33,N,1,43.39,N,2
ITT,03/03/2014,09:39:05.667,43.33,N,1,43.38,N,1
ITT,03/03/2014,09:39:05.690,43.33,N,1,43.39,N,2
ITT,03/03/2014,09:39:05.816,43.33,N,1,43.38,N,1
ITT,03/03/2014,09:39:05.838,43.33,N,1,43.39,N,2
ITT,03/03/2014,09:39:05.969,43.33,N,1,43.38,N,1
ITT,03/03/2014,09:39:05.992,43.33,N,1,43.39,N,2
ITT,03/03/2014,09:39:06.123,43.33,N,1,43.38,N,1
ITT,03/03/2014,09:39:06.146,43.33,N,1,43.39,N,2
ITT,03/03/2014,09:39:06.278,43.33,N,1,43.38,N,1
ITT,03/03/2014,09:39:06.301,43.33,N,1,43.39,N,2
ITT,03/03/2014,09:39:06.425,43.33,N,1,43.38,N,1
ITT,03/03/2014,09:39:06.448,43.33,N,1,43.39,N,2
ITT,03/03/2014,09:39:06.571,43.33,N,1,43.38,N,1
ITT,03/03/2014,09:39:06.594,43.33,N,1,43.39,N,2
ITT,03/03/2014,09:39:06.719,43.33,N,1,43.38,N,1
ITT,03/03/2014,09:39:06.742,43.33,N,1,43.39,N,2
ITT,03/03/2014,09:39:06.868,43.33,N,1,43.38,N,1
ITT,03/03/2014,09:39:06.891,43.33,N,1,43.39,N,2
ITT,03/03/2014,09:39:07.020,43.33,N,1,43.38,N,1
ITT,03/03/2014,09:39:07.043,43.33,N,1,43.39,N,2
ITT,03/03/2014,09:39:07.170,43.33,N,1,43.38,N,1
ITT,03/03/2014,09:39:07.192,43.33,N,1,43.39,N,2
ITT,03/03/2014,09:39:07.316,43.33,N,1,43.38,N,1
ITT,03/03/2014,09:39:07.339,43.33,N,1,43.39,N,2
ITT,03/03/2014,09:39:07.494,43.33,N,1,43.38,N,1
ITT,03/03/2014,09:39:07.508,43.33,N,1,43.39,N,2
ITT,03/03/2014,09:39:07.617,43.33,N,1,43.38,N,1
ITT,03/03/2014,09:39:07.639,43.33,N,1,43.39,N,2
ITT,03/03/2014,09:39:07.770,43.33,N,1,43.38,N,1
ITT,03/03/2014,09:39:07.793,43.33,N,1,43.39,N,2
ITT,03/03/2014,09:39:07.920,43.33,N,1,43.38,N,1
ITT,03/03/2014,09:39:07.943,43.33,N,1,43.39,N,2
ITT,03/03/2014,09:39:08.075,43.33,N,1,43.38,N,1
ITT,03/03/2014,09:39:08.098,43.33,N,1,43.39,N,2
ITT,03/03/2014,09:39:08.270,43.33,N,1,43.38,N,1
ITT,03/03/2014,09:39:08.293,43.33,N,1,43.39,N,2
ITT,03/03/2014,09:39:08.494,43.33,N,1,43.38,N,1
ITT,03/03/2014,09:39:08.504,43.33,N,1,43.39,N,2
ITT,03/03/2014,09:39:08.672,43.33,N,1,43.38,N,1
ITT,03/03/2014,09:39:08.695,43.33,N,1,43.39,N,2
ITT,03/03/2014,09:39:08.819,43.33,N,1,43.38,N,1
ITT,03/03/2014,09:39:08.842,43.33,N,1,43.39,N,2
ITT,03/03/2014,09:39:08.970,43.33,N,1,43.38,N,1
ITT,03/03/2014,09:39:08.993,43.33,N,1,43.39,N,2
ITT,03/03/2014,09:39:09.371,43.33,N,1,43.38,N,1
ITT,03/03/2014,09:39:09.393,43.33,N,1,43.39,N,2
ITT,03/03/2014,09:39:09.518,43.33,N,1,43.38,N,1
ITT,03/03/2014,09:39:09.540,43.33,N,1,43.39,N,2
ITT,03/03/2014,09:39:09.713,43.33,N,1,43.38,N,1
ITT,03/03/2014,09:39:09.736,43.33,N,1,43.39,N,2
ITT,03/03/2014,09:39:09.860,43.33,N,1,43.38,N,1
ITT,03/03/2014,09:39:09.883,43.33,N,1,43.39,N,2
ITT,03/03/2014,09:39:10.016,43.33,N,1,43.38,N,1
ITT,03/03/2014,09:39:10.039,43.33,N,1,43.39,N,2
ITT,03/03/2014,09:39:10.162,43.33,N,1,43.38,N,1
ITT,03/03/2014,09:39:10.185,43.33,N,1,43.39,N,2
ITT,03/03/2014,09:39:10.318,43.33,N,1,43.38,N,1
ITT,03/03/2014,09:39:10.342,43.33,N,1,43.39,N,2
ITT,03/03/2014,09:39:10.468,43.33,N,1,43.38,N,1
ITT,03/03/2014,09:39:10.491,43.33,N,1,43.39,N,2
ITT,03/03/2014,09:39:10.680,43.33,N,1,43.38,N,1
ITT,03/03/2014,09:39:10.703,43.33,N,1,43.39,N,2
ITT,03/03/2014,09:39:10.893,43.33,N,1,43.38,N,1
ITT,03/03/2014,09:39:10.916,43.33,N,1,43.39,N,2
ITT,03/03/2014,09:39:11.022,43.33,N,1,43.38,N,1
ITT,03/03/2014,09:39:11.046,43.33,N,1,43.39,N,2
ITT,03/03/2014,09:39:11.173,43.33,N,1,43.38,N,1
ITT,03/03/2014,09:39:11.196,43.33,N,1,43.39,N,2
ITT,03/03/2014,09:39:11.363,43.33,N,1,43.38,N,1
ITT,03/03/2014,09:39:11.385,43.33,N,1,43.39,N,2
ITT,03/03/2014,09:39:11.494,43.33,N,1,43.38,N,1
ITT,03/03/2014,09:39:11.511,43.33,N,1,43.39,N,2
ITT,03/03/2014,09:39:11.639,43.33,N,1,43.38,N,1
ITT,03/03/2014,09:39:11.661,43.33,N,1,43.39,N,2
ITT,03/03/2014,09:39:11.830,43.33,N,1,43.38,N,1
ITT,03/03/2014,09:39:11.853,43.33,N,1,43.39,N,2
ITT,03/03/2014,09:39:11.979,43.33,N,1,43.38,N,1
ITT,03/03/2014,09:39:12.001,43.33,N,1,43.39,N,2
ITT,03/03/2014,09:39:12.124,43.33,N,1,43.38,N,1
ITT,03/03/2014,09:39:12.147,43.33,N,1,43.39,N,2
ITT,03/03/2014,09:39:12.313,43.33,N,1,43.38,N,1
ITT,03/03/2014,09:39:12.336,43.33,N,1,43.39,N,2
ITT,03/03/2014,09:39:12.494,43.33,N,1,43.38,N,1
ITT,03/03/2014,09:39:12.507,43.33,N,1,43.39,N,2
ITT,03/03/2014,09:39:12.614,43.33,N,1,43.38,N,1
ITT,03/03/2014,09:39:12.637,43.33,N,1,43.39,N,2
ITT,03/03/2014,09:39:12.765,43.33,N,1,43.38,N,1
ITT,03/03/2014,09:39:12.788,43.33,N,1,43.39,N,2
ITT,03/03/2014,09:39:12.916,43.33,N,1,43.38,N,1
ITT,03/03/2014,09:39:12.939,43.33,N,1,43.39,N,2
ITT,03/03/2014,09:39:13.068,43.33,N,1,43.38,N,1
ITT,03/03/2014,09:39:13.091,43.33,N,1,43.39,N,2
ITT,03/03/2014,09:39:13.243,43.33,N,1,43.38,N,1
ITT,03/03/2014,09:39:13.266,43.33,N,1,43.39,N,2
ITT,03/03/2014,09:39:13.494,43.33,N,1,43.38,N,1
ITT,03/03/2014,09:39:13.505,43.33,N,1,43.39,N,2
ITT,03/03/2014,09:39:13.636,43.33,N,1,43.38,N,1
ITT,03/03/2014,09:39:13.658,43.33,N,1,43.39,N,2
ITT,03/03/2014,09:39:13.770,43.33,N,1,43.38,N,1
ITT,03/03/2014,09:39:13.784,43.33,N,1,43.39,N,2
ITT,03/03/2014,09:39:13.981,43.33,N,1,43.38,N,1
ITT,03/03/2014,09:39:14.004,43.33,N,1,43.39,N,2
ITT,03/03/2014,09:39:14.113,43.33,N,1,43.38,N,1
ITT,03/03/2014,09:39:14.136,43.33,N,1,43.39,N,2
ITT,03/03/2014,09:39:14.260,43.33,N,1,43.38,N,1
ITT,03/03/2014,09:39:14.282,43.33,N,1,43.39,N,2
ITT,03/03/2014,09:39:14.494,43.33,N,1,43.38,N,1
ITT,03/03/2014,09:39:14.515,43.33,N,1,43.39,N,2
ITT,03/03/2014,09:39:14.661,43.33,N,1,43.38,N,1
ITT,03/03/2014,09:39:14.683,43.33,N,1,43.39,N,2
ITT,03/03/2014,09:39:14.811,43.33,N,1,43.38,N,1
ITT,03/03/2014,09:39:14.833,43.33,N,1,43.39,N,2
ITT,03/03/2014,09:39:14.963,43.33,N,1,43.38,N,1
ITT,03/03/2014,09:39:14.985,43.33,N,1,43.39,N,2
ITT,03/03/2014,09:39:15.177,43.33,N,1,43.38,N,1
ITT,03/03/2014,09:39:15.201,43.33,N,1,43.39,N,2
ITT,03/03/2014,09:39:15.370,43.33,N,1,43.38,N,1
ITT,03/03/2014,09:39:15.392,43.33,N,1,43.39,N,2
ITT,03/03/2014,09:39:15.517,43.33,N,1,43.38,N,1
ITT,03/03/2014,09:39:15.525,43.33,N,1,43.39,N,2
ITT,03/03/2014,09:39:15.654,43.33,N,1,43.38,N,1
ITT,03/03/2014,09:39:15.677,43.33,N,1,43.39,N,2
ITT,03/03/2014,09:39:15.804,43.33,N,1,43.38,N,1
ITT,03/03/2014,09:39:15.827,43.33,N,1,43.39,N,2
ITT,03/03/2014,09:39:15.954,43.33,N,1,43.38,N,1
ITT,03/03/2014,09:39:15.976,43.33,N,1,43.39,N,2
ITT,03/03/2014,09:39:16.105,43.33,N,1,43.38,N,1
ITT,03/03/2014,09:39:16.128,43.33,N,1,43.39,N,2
ITT,03/03/2014,09:39:16.240,43.33,N,1,43.38,N,1
ITT,03/03/2014,09:39:16.263,43.33,N,1,43.39,N,2
ITT,03/03/2014,09:39:16.494,43.33,N,1,43.38,N,1
ITT,03/03/2014,09:39:16.500,43.33,N,1,43.39,N,2
ITT,03/03/2014,09:39:16.626,43.33,N,1,43.38,N,1
ITT,03/03/2014,09:39:16.649,43.33,N,1,43.39,N,2
ITT,03/03/2014,09:39:16.778,43.33,N,1,43.38,N,1
ITT,03/03/2014,09:39:16.800,43.33,N,1,43.39,N,2
ITT,03/03/2014,09:39:16.930,43.33,N,1,43.38,N,1
ITT,03/03/2014,09:39:16.953,43.33,N,1,43.39,N,2
ITT,03/03/2014,09:39:17.104,43.33,N,1,43.38,N,1
ITT,03/03/2014,09:39:17.126,43.33,N,1,43.39,N,2
ITT,03/03/2014,09:39:17.258,43.33,N,1,43.38,N,1
ITT,03/03/2014,09:39:17.281,43.33,N,1,43.39,N,2
ITT,03/03/2014,09:39:17.494,43.33,N,1,43.38,N,1
ITT,03/03/2014,09:39:17.515,43.33,N,1,43.39,N,2
ITT,03/03/2014,09:39:17.642,43.33,N,1,43.38,N,1
ITT,03/03/2014,09:39:17.665,43.33,N,1,43.39,N,2
ITT,03/03/2014,09:39:17.788,43.33,N,1,43.38,N,1
ITT,03/03/2014,09:39:17.811,43.33,N,1,43.39,N,2
ITT,03/03/2014,09:39:17.944,43.33,N,1,43.38,N,1
ITT,03/03/2014,09:39:17.966,43.33,N,1,43.39,N,2
ITT,03/03/2014,09:39:18.094,43.33,N,1,43.38,N,1
ITT,03/03/2014,09:39:18.117,43.33,N,1,43.39,N,2
ITT,03/03/2014,09:39:18.248,43.33,N,1,43.38,N,1
ITT,03/03/2014,09:39:18.270,43.33,N,1,43.39,N,2
ITT,03/03/2014,09:39:18.494,43.33,N,1,43.38,N,1
ITT,03/03/2014,09:39:18.503,43.33,N,1,43.39,N,2
ITT,03/03/2014,09:39:18.632,43.33,N,1,43.38,N,1
ITT,03/03/2014,09:39:18.654,43.33,N,1,43.39,N,2
ITT,03/03/2014,09:39:18.781,43.33,N,1,43.38,N,1
ITT,03/03/2014,09:39:18.804,43.33,N,1,43.39,N,2
ITT,03/03/2014,09:39:18.928,43.33,N,1,43.38,N,1
ITT,03/03/2014,09:39:18.951,43.33,N,1,43.39,N,2
ITT,03/03/2014,09:39:19.077,43.33,N,1,43.38,N,1
ITT,03/03/2014,09:39:19.100,43.33,N,1,43.39,N,2
ITT,03/03/2014,09:39:19.224,43.33,N,1,43.38,N,1
ITT,03/03/2014,09:39:19.247,43.33,N,1,43.39,N,2
ITT,03/03/2014,09:39:19.494,43.33,N,1,43.38,N,1
ITT,03/03/2014,09:39:19.504,43.33,N,1,43.39,N,2
ITT,03/03/2014,09:39:19.631,43.33,N,1,43.38,N,1
ITT,03/03/2014,09:39:19.654,43.33,N,1,43.39,N,2
ITT,03/03/2014,09:39:19.781,43.33,N,1,43.38,N,1
ITT,03/03/2014,09:39:19.803,43.33,N,1,43.39,N,2
ITT,03/03/2014,09:39:19.926,43.33,N,1,43.38,N,1
ITT,03/03/2014,09:39:19.949,43.33,N,1,43.39,N,2
ITT,03/03/2014,09:39:20.077,43.33,N,1,43.38,N,1
ITT,03/03/2014,09:39:20.100,43.33,N,1,43.39,N,2
ITT,03/03/2014,09:39:20.224,43.33,N,1,43.38,N,1
ITT,03/03/2014,09:39:20.246,43.33,N,1,43.39,N,2
ITT,03/03/2014,09:39:20.494,43.33,N,1,43.38,N,1
ITT,03/03/2014,09:39:20.517,43.33,N,1,43.39,N,2
ITT,03/03/2014,09:39:20.647,43.33,N,1,43.38,N,1
ITT,03/03/2014,09:39:20.670,43.33,N,1,43.39,N,2
ITT,03/03/2014,09:39:20.758,43.33,N,2,43.39,N,2
ITT,03/03/2014,09:39:34.449,43.33,N,58,43.39,N,2
ITT,03/03/2014,09:39:34.452,43.33,N,59,43.39,N,2
ITT,03/03/2014,09:39:34.464,43.33,N,59,43.39,N,1
ITT,03/03/2014,09:39:34.464,43.34,N,1,43.39,N,1
ITT,03/03/2014,09:39:34.559,43.34,N,1,43.38,T,1
ITT,03/03/2014,09:39:35.752,43.34,N,1,43.39,N,1
ITT,03/03/2014,09:39:35.766,43.35,N,1,43.39,N,1
ITT,03/03/2014,09:39:35.791,43.38,N,1,43.39,N,1
ITT,03/03/2014,09:39:35.806,43.38,N,1,43.4,P,1
ITT,03/03/2014,09:39:35.835,43.38,N,2,43.4,P,1
ITT,03/03/2014,09:39:37.321,43.38,N,1,43.4,P,1
ITT,03/03/2014,09:39:38.758,43.37,N,1,43.4,P,1
ITT,03/03/2014,09:39:38.765,43.35,N,1,43.4,P,1
ITT,03/03/2014,09:39:44.911,43.35,N,1,43.38,K,1
ITT,03/03/2014,09:39:44.920,43.34,T,2,43.38,K,1
ITT,03/03/2014,09:39:50.002,43.34,T,1,43.38,K,1
ITT,03/03/2014,09:39:50.002,43.34,N,1,43.38,K,1
ITT,03/03/2014,09:39:50.798,43.35,K,2,43.38,K,1
ITT,03/03/2014,09:39:53.125,43.36,N,1,43.38,K,1
ITT,03/03/2014,09:39:53.126,43.36,N,1,43.4,P,1
ITT,03/03/2014,09:39:53.130,43.36,N,1,43.37,N,1
ITT,03/03/2014,09:39:53.132,43.36,N,1,43.4,P,1
ITT,03/03/2014,09:39:53.142,43.38,N,1,43.4,P,1
ITT,03/03/2014,09:39:53.147,43.36,N,1,43.4,P,1
ITT,03/03/2014,09:39:53.150,43.36,N,2,43.4,P,1
ITT,03/03/2014,09:39:53.208,43.36,N,1,43.4,P,1
ITT,03/03/2014,09:39:53.208,43.36,N,1,43.39,T,1
ITT,03/03/2014,09:39:53.216,43.36,N,1,43.38,K,1
ITT,03/03/2014,09:39:53.234,43.35,K,2,43.38,K,1
ITT,03/03/2014,09:39:53.235,43.35,K,2,43.37,T,1
ITT,03/03/2014,09:39:53.291,43.35,K,2,43.38,K,1
ITT,03/03/2014,09:39:53.292,43.36,T,1,43.38,K,1
ITT,03/03/2014,09:39:53.389,43.36,N,1,43.38,K,1
ITT,03/03/2014,09:39:53.617,43.35,K,2,43.38,K,1
ITT,03/03/2014,09:39:53.617,43.35,K,2,43.37,T,1
ITT,03/03/2014,09:39:53.675,43.36,T,1,43.37,T,1
ITT,03/03/2014,09:39:53.676,43.36,T,1,43.38,K,1
ITT,03/03/2014,09:39:53.676,43.37,T,1,43.38,K,1
ITT,03/03/2014,09:39:53.676,43.37,T,2,43.38,K,1
ITT,03/03/2014,09:39:53.676,43.37,T,3,43.38,K,1
ITT,03/03/2014,09:39:53.676,43.37,T,4,43.38,K,1
ITT,03/03/2014,09:39:53.676,43.37,T,5,43.38,K,1
ITT,03/03/2014,09:39:53.676,43.37,T,6,43.38,K,1
ITT,03/03/2014,09:39:53.679,43.37,T,5,43.38,K,1
ITT,03/03/2014,09:39:53.681,43.37,T,4,43.38,K,1
ITT,03/03/2014,09:39:53.697,43.37,T,3,43.38,K,1
ITT,03/03/2014,09:39:53.697,43.37,T,2,43.38,K,1
ITT,03/03/2014,09:39:53.771,43.37,T,1,43.38,K,1
ITT,03/03/2014,09:39:53.831,43.36,C,1,43.38,K,1
ITT,03/03/2014,09:39:53.831,43.35,K,2,43.38,K,1
ITT,03/03/2014,09:39:57.901,43.36,K,1,43.38,K,1
ITT,03/03/2014,09:39:57.901,43.36,K,1,43.38,N,1
ITT,03/03/2014,09:39:57.901,43.37,T,1,43.38,N,1
ITT,03/03/2014,09:39:57.901,43.37,T,1,43.39,N,1
ITT,03/03/2014,09:39:57.992,43.37,N,1,43.39,N,1
ITT,03/03/2014,09:39:58.700,43.36,N,1,43.39,N,1
ITT,03/03/2014,09:39:58.722,43.35,K,2,43.39,N,1
ITT,03/03/2014,09:40:06.123,43.35,K,2,43.4,T,1
ITT,03/03/2014,09:40:06.124,43.36,T,1,43.4,T,1
ITT,03/03/2014,09:40:06.124,43.36,T,2,43.4,T,1
ITT,03/03/2014,09:40:06.218,43.36,T,1,43.4,T,1
ITT,03/03/2014,09:40:11.172,43.35,K,2,43.4,T,1
ITT,03/03/2014,09:40:11.271,43.35,N,1,43.4,T,1
ITT,03/03/2014,09:40:11.271,43.34,C,1,43.4,T,1
ITT,03/03/2014,09:40:14.576,43.34,C,1,43.4,C,1
ITT,03/03/2014,09:40:14.576,43.36,T,1,43.4,C,1
ITT,03/03/2014,09:40:14.576,43.36,T,1,43.43,N,2
ITT,03/03/2014,09:40:14.576,43.36,T,1,43.4,T,1
ITT,03/03/2014,09:40:14.577,43.37,T,1,43.4,T,1
ITT,03/03/2014,09:40:14.611,43.36,T,1,43.4,T,1
ITT,03/03/2014,09:40:14.611,43.36,T,1,43.39,T,1
ITT,03/03/2014,09:40:14.611,43.36,T,1,43.39,T,2
ITT,03/03/2014,09:40:14.611,43.36,T,1,43.39,T,3
ITT,03/03/2014,09:40:14.611,43.36,T,1,43.39,T,4
ITT,03/03/2014,09:40:14.615,43.36,T,1,43.39,T,3
ITT,03/03/2014,09:40:14.672,43.34,N,2,43.39,T,3
ITT,03/03/2014,09:40:14.702,43.34,N,2,43.39,T,2
ITT,03/03/2014,09:40:14.763,43.34,N,2,43.39,T,1
ITT,03/03/2014,09:40:14.763,43.34,N,2,43.4,Z,1
ITT,03/03/2014,09:40:14.967,43.34,N,3,43.4,Z,1
ITT,03/03/2014,09:40:15.073,43.34,N,3,43.4,Z,2
ITT,03/03/2014,09:40:17.139,43.34,N,3,43.39,K,1
ITT,03/03/2014,09:40:18.110,43.34,N,3,43.37,K,1
ITT,03/03/2014,09:40:18.110,43.34,N,3,43.37,K,2
ITT,03/03/2014,09:40:18.111,43.34,N,2,43.37,K,2
ITT,03/03/2014,09:40:18.111,43.34,N,2,43.36,T,1
ITT,03/03/2014,09:40:18.114,43.34,N,3,43.36,T,1
ITT,03/03/2014,09:40:18.117,43.34,N,2,43.36,T,1
ITT,03/03/2014,09:40:18.155,43.34,N,1,43.36,T,1
ITT,03/03/2014,09:40:18.260,43.34,N,1,43.37,K,2
ITT,03/03/2014,09:40:18.877,43.34,N,1,43.37,K,1
ITT,03/03/2014,09:40:22.558,43.35,K,2,43.37,K,1
ITT,03/03/2014,09:40:32.781,43.35,K,1,43.37,K,1
ITT,03/03/2014,09:40:32.781,43.35,N,1,43.37,K,1
ITT,03/03/2014,09:40:32.781,43.35,N,1,43.36,K,1
ITT,03/03/2014,09:40:32.805,43.34,N,1,43.36,K,1
ITT,03/03/2014,09:40:32.805,43.34,N,1,43.35,T,1
ITT,03/03/2014,09:40:32.806,43.34,N,1,43.35,T,2
ITT,03/03/2014,09:40:32.806,43.34,N,2,43.35,T,2
ITT,03/03/2014,09:40:32.808,43.34,N,1,43.35,T,2
ITT,03/03/2014,09:40:32.960,43.34,N,1,43.35,T,1
ITT,03/03/2014,09:40:33.025,43.34,N,1,43.37,K,1
ITT,03/03/2014,09:40:35.049,43.34,T,2,43.37,K,1
ITT,03/03/2014,09:40:35.049,43.34,T,2,43.36,P,1
ITT,03/03/2014,09:40:35.050,43.34,T,1,43.36,P,1
ITT,03/03/2014,09:40:35.050,43.34,C,1,43.36,P,1
ITT,03/03/2014,09:40:35.050,43.34,C,1,43.35,T,1
ITT,03/03/2014,09:40:35.050,43.34,C,1,43.35,T,2
ITT,03/03/2014,09:40:35.050,43.34,C,1,43.35,T,3
ITT,03/03/2014,09:40:35.050,43.34,C,1,43.35,T,4
ITT,03/03/2014,09:40:35.050,43.33,N,56,43.35,T,4
ITT,03/03/2014,09:40:35.052,43.33,N,56,43.35,T,3
ITT,03/03/2014,09:40:35.174,43.33,N,55,43.35,T,3
ITT,03/03/2014,09:40:35.174,43.33,N,54,43.35,T,3
ITT,03/03/2014,09:40:35.174,43.33,N,52,43.35,T,3
ITT,03/03/2014,09:40:35.174,43.33,N,50,43.35,T,3
ITT,03/03/2014,09:40:35.191,43.33,N,47,43.35,T,3
ITT,03/03/2014,09:40:35.194,43.32,C,1,43.35,T,3
ITT,03/03/2014,09:40:35.194,43.32,C,1,43.34,T,1
ITT,03/03/2014,09:40:35.194,43.31,K,1,43.34,T,1
ITT,03/03/2014,09:40:35.323,43.27,N,1,43.34,T,1
ITT,03/03/2014,09:40:35.324,43.27,N,1,43.33,T,1
ITT,03/03/2014,09:40:35.324,43.27,N,1,43.33,T,2
ITT,03/03/2014,09:40:35.324,43.27,N,1,43.33,T,3
ITT,03/03/2014,09:40:35.324,43.27,N,1,43.32,K,1
ITT,03/03/2014,09:40:35.324,43.27,N,1,43.32,K,2
ITT,03/03/2014,09:40:35.327,43.26,T,2,43.32,K,2
ITT,03/03/2014,09:40:35.473,43.26,T,2,43.32,K,1
ITT,03/03/2014,09:40:35.584,43.26,T,2,43.31,N,1
ITT,03/03/2014,09:40:35.587,43.26,T,3,43.31,N,1
ITT,03/03/2014,09:40:35.694,43.26,T,1,43.31,N,1
ITT,03/03/2014,09:40:35.845,43.23,N,1,43.31,N,1
ITT,03/03/2014,09:40:35.845,43.23,N,1,43.3,T,1
ITT,03/03/2014,09:40:35.845,43.26,T,1,43.3,T,1
ITT,03/03/2014,09:40:35.845,43.23,T,3,43.3,T,1
ITT,03/03/2014,09:40:35.846,43.23,T,4,43.3,T,1
ITT,03/03/2014,09:40:35.996,43.23,T,4,43.3,B,1
ITT,03/03/2014,09:40:35.996,43.23,T,4,43.3,C,1
ITT,03/03/2014,09:40:35.996,43.23,T,4,43.31,N,1
ITT,03/03/2014,09:40:36.084,43.23,T,4,43.31,B,1
ITT,03/03/2014,09:40:36.085,43.23,T,4,43.31,C,1
ITT,03/03/2014,09:40:36.086,43.23,T,4,43.34,T,1
ITT,03/03/2014,09:40:36.086,43.23,T,4,43.34,Y,1
ITT,03/03/2014,09:40:36.086,43.23,T,4,43.34,B,1
ITT,03/03/2014,09:40:36.087,43.23,T,4,43.32,C,1
ITT,03/03/2014,09:40:36.087,43.23,T,4,43.35,P,1
ITT,03/03/2014,09:40:36.087,43.23,T,4,43.34,N,1
ITT,03/03/2014,09:40:36.092,43.23,T,4,43.34,Y,1
ITT,03/03/2014,09:40:36.093,43.23,T,4,43.34,B,1
ITT,03/03/2014,09:40:36.094,43.23,T,4,43.35,Y,3
ITT,03/03/2014,09:40:36.095,43.23,T,4,43.35,Y,1
ITT,03/03/2014,09:40:36.105,43.24,N,1,43.35,Y,1
ITT,03/03/2014,09:40:36.106,43.24,N,1,43.35,P,1
ITT,03/03/2014,09:40:36.346,43.25,N,1,43.35,P,1
ITT,03/03/2014,09:40:36.397,43.25,T,2,43.35,P,1
ITT,03/03/2014,09:40:37.095,43.25,T,1,43.35,P,1
ITT,03/03/2014,09:40:37.095,43.25,T,1,43.34,T,1
ITT,03/03/2014,09:40:37.098,43.25,T,1,43.34,N,2
ITT,03/03/2014,09:40:37.104,43.24,T,1,43.34,N,2
ITT,03/03/2014,09:40:37.118,43.24,T,1,43.33,N,1
ITT,03/03/2014,09:40:37.122,43.24,T,2,43.33,N,1
ITT,03/03/2014,09:40:44.610,43.24,T,2,43.33,P,1
ITT,03/03/2014,09:40:51.635,43.24,T,1,43.33,P,1
ITT,03/03/2014,09:40:51.636,43.24,T,1,43.32,N,1
ITT,03/03/2014,09:40:54.122,43.24,T,1,43.32,B,1
ITT,03/03/2014,09:40:54.266,43.24,N,3,43.32,B,1
ITT,03/03/2014,09:40:54.266,43.24,N,3,43.31,T,1
ITT,03/03/2014,09:40:54.266,43.24,N,1,43.31,T,1
ITT,03/03/2014,09:40:54.266,43.24,T,1,43.31,T,1
ITT,03/03/2014,09:40:54.267,43.17,T,3,43.31,T,1
ITT,03/03/2014,09:40:54.267,43.17,T,3,43.3,T,1
ITT,03/03/2014,09:40:54.267,43.17,T,4,43.3,T,1
ITT,03/03/2014,09:40:54.269,43.18,N,1,43.3,T,1
ITT,03/03/2014,09:40:54.275,43.18,N,1,43.29,T,1
ITT,03/03/2014,09:40:54.279,43.18,N,1,43.29,Y,1
ITT,03/03/2014,09:40:54.279,43.18,N,1,43.29,B,1
ITT,03/03/2014,09:40:54.279,43.18,N,1,43.3,N,1
ITT,03/03/2014,09:40:54.288,43.19,N,1,43.3,N,1
ITT,03/03/2014,09:40:54.288,43.19,N,1,43.29,N,1
ITT,03/03/2014,09:40:54.291,43.19,N,1,43.28,T,1
ITT,03/03/2014,09:40:54.306,43.19,N,1,43.25,K,1
ITT,03/03/2014,09:40:54.316,43.18,N,3,43.25,K,1
ITT,03/03/2014,09:40:54.316,43.18,N,2,43.25,K,1
ITT,03/03/2014,09:40:54.317,43.18,N,2,43.24,T,1
ITT,03/03/2014,09:40:54.333,43.18,N,1,43.24,T,1
ITT,03/03/2014,09:40:54.335,43.17,T,3,43.24,T,1
ITT,03/03/2014,09:40:54.416,43.17,T,3,43.24,B,2
ITT,03/03/2014,09:40:55.005,43.18,N,2,43.24,B,2
ITT,03/03/2014,09:40:58.589,43.18,N,3,43.24,B,2
ITT,03/03/2014,09:40:59.521,43.19,N,1,43.24,B,2
ITT,03/03/2014,09:41:02.907,43.18,N,3,43.24,B,2
ITT,03/03/2014,09:41:02.908,43.18,N,3,43.23,Z,1
ITT,03/03/2014,09:41:02.908,43.18,N,3,43.22,T,1
ITT,03/03/2014,09:41:03.002,43.18,N,3,43.23,Z,1
ITT,03/03/2014,09:41:03.002,43.18,N,3,43.23,N,1
ITT,03/03/2014,09:41:09.751,43.18,N,1,43.23,N,1
ITT,03/03/2014,09:41:09.752,43.17,T,1,43.23,N,1
ITT,03/03/2014,09:41:10.005,43.18,N,3,43.23,N,1
ITT,03/03/2014,09:41:10.790,43.19,K,2,43.23,N,1
ITT,03/03/2014,09:41:10.791,43.19,K,3,43.23,N,1
ITT,03/03/2014,09:41:10.792,43.19,K,3,43.24,P,1
ITT,03/03/2014,09:41:10.793,43.2,T,1,43.24,P,1
ITT,03/03/2014,09:41:10.793,43.2,T,2,43.24,P,1
ITT,03/03/2014,09:41:10.793,43.2,T,3,43.24,P,1
ITT,03/03/2014,09:41:10.793,43.2,T,4,43.24,P,1
ITT,03/03/2014,09:41:10.793,43.2,T,5,43.24,P,1
ITT,03/03/2014,09:41:10.794,43.2,T,6,43.24,P,1
ITT,03/03/2014,09:41:10.796,43.2,T,5,43.24,P,1
ITT,03/03/2014,09:41:10.815,43.2,T,5,43.28,N,1
ITT,03/03/2014,09:41:10.815,43.21,P,1,43.28,N,1
ITT,03/03/2014,09:41:10.816,43.21,P,2,43.28,N,1
ITT,03/03/2014,09:41:10.817,43.21,P,2,43.29,N,2
ITT,03/03/2014,09:41:10.907,43.21,P,1,43.29,N,2
ITT,03/03/2014,09:41:10.909,43.21,P,1,43.29,B,1
ITT,03/03/2014,09:41:10.910,43.21,P,1,43.3,D,5
ITT,03/03/2014,09:41:10.970,43.21,P,1,43.32,N,1
ITT,03/03/2014,09:41:11.243,43.21,P,1,43.31,N,1
ITT,03/03/2014,09:41:11.575,43.21,N,1,43.31,N,1
ITT,03/03/2014,09:41:11.850,43.21,N,1,43.3,N,1
ITT,03/03/2014,09:41:11.854,43.21,Y,3,43.3,N,1
ITT,03/03/2014,09:41:16.229,43.21,Y,2,43.3,N,1
ITT,03/03/2014,09:41:16.229,43.21,Y,1,43.3,N,1
ITT,03/03/2014,09:41:16.229,43.21,B,3,43.3,N,1
ITT,03/03/2014,09:41:16.229,43.21,B,2,43.3,N,1
ITT,03/03/2014,09:41:16.229,43.21,B,1,43.3,N,1
ITT,03/03/2014,09:41:16.229,43.21,T,1,43.3,N,1
ITT,03/03/2014,09:41:16.243,43.21,T,1,43.29,N,1
ITT,03/03/2014,09:41:16.292,43.21,T,1,43.28,N,1
ITT,03/03/2014,09:41:16.302,43.21,T,1,43.22,K,1
ITT,03/03/2014,09:41:16.303,43.21,T,1,43.28,B,1
ITT,03/03/2014,09:41:16.305,43.22,N,1,43.28,B,1
ITT,03/03/2014,09:41:16.308,43.22,N,1,43.28,Y,1
ITT,03/03/2014,09:41:16.363,43.21,T,1,43.28,Y,1
ITT,03/03/2014,09:41:16.364,43.21,T,1,43.27,T,1
ITT,03/03/2014,09:41:16.382,43.21,T,1,43.26,N,1
ITT,03/03/2014,09:41:17.891,43.21,T,1,43.28,C,1
ITT,03/03/2014,09:41:17.892,43.21,T,1,43.28,N,1
ITT,03/03/2014,09:41:17.892,43.21,T,1,43.27,Y,1
ITT,03/03/2014,09:41:17.893,43.21,T,1,43.27,B,1
ITT,03/03/2014,09:41:17.893,43.21,T,1,43.28,N,1
ITT,03/03/2014,09:41:17.914,43.21,T,1,43.27,N,1
ITT,03/03/2014,09:41:17.938,43.21,T,1,43.26,N,1
ITT,03/03/2014,09:41:19.401,43.21,T,1,43.27,T,1
ITT,03/03/2014,09:41:19.404,43.21,T,1,43.27,C,1
ITT,03/03/2014,09:41:19.404,43.21,T,1,43.27,B,1
ITT,03/03/2014,09:41:21.214,43.21,T,1,43.28,C,1
ITT,03/03/2014,09:41:21.236,43.21,T,1,43.27,N,1
ITT,03/03/2014,09:41:23.509,43.21,T,1,43.27,B,2
ITT,03/03/2014,09:41:23.510,43.21,T,1,43.27,B,1
ITT,03/03/2014,09:41:23.510,43.21,T,1,43.28,C,1
ITT,03/03/2014,09:41:23.510,43.21,T,1,43.28,Y,1
ITT,03/03/2014,09:41:23.510,43.21,T,1,43.28,B,1
ITT,03/03/2014,09:41:23.511,43.21,T,1,43.31,N,2
ITT,03/03/2014,09:41:23.532,43.21,T,1,43.3,N,1
ITT,03/03/2014,09:41:23.535,43.21,T,1,43.29,N,1
ITT,03/03/2014,09:41:23.554,43.21,T,1,43.28,N,1
ITT,03/03/2014,09:41:23.576,43.21,T,1,43.27,N,1
ITT,03/03/2014,09:41:23.707,43.21,T,1,43.26,N,1
ITT,03/03/2014,09:41:23.735,43.21,T,1,43.27,T,1
ITT,03/03/2014,09:41:23.737,43.21,T,1,43.27,C,1
ITT,03/03/2014,09:41:23.738,43.21,T,1,43.27,N,1
ITT,03/03/2014,09:41:23.758,43.21,T,1,43.26,N,1
ITT,03/03/2014,09:41:23.781,43.21,T,1,43.28,N,2
ITT,03/03/2014,09:41:23.782,43.21,T,1,43.28,N,1
ITT,03/03/2014,09:41:23.782,43.21,T,1,43.27,Y,1
ITT,03/03/2014,09:41:23.782,43.21,T,1,43.28,N,1
ITT,03/03/2014,09:41:23.783,43.21,T,1,43.27,B,1
ITT,03/03/2014,09:41:23.783,43.21,T,1,43.28,N,1
ITT,03/03/2014,09:41:23.803,43.21,T,1,43.27,N,1
ITT,03/03/2014,09:41:23.826,43.21,T,1,43.26,N,1
ITT,03/03/2014,09:41:23.849,43.21,T,1,43.27,T,1
ITT,03/03/2014,09:41:23.852,43.21,T,1,43.27,C,1
ITT,03/03/2014,09:41:23.852,43.21,T,1,43.27,N,1
ITT,03/03/2014,09:41:24.185,43.21,T,1,43.26,N,1
ITT,03/03/2014,09:41:24.208,43.21,T,1,43.28,C,1
ITT,03/03/2014,09:41:24.209,43.21,T,1,43.28,N,1
ITT,03/03/2014,09:41:24.209,43.21,T,1,43.27,Y,1
ITT,03/03/2014,09:41:24.210,43.21,T,1,43.27,B,1
ITT,03/03/2014,09:41:24.210,43.21,T,1,43.28,N,1
ITT,03/03/2014,09:41:24.317,43.21,T,1,43.27,N,1
ITT,03/03/2014,09:41:24.341,43.21,T,1,43.26,N,1
ITT,03/03/2014,09:41:24.351,43.22,N,1,43.26,N,1
ITT,03/03/2014,09:41:24.364,43.22,N,1,43.27,C,1
ITT,03/03/2014,09:41:24.366,43.22,N,1,43.27,N,1
ITT,03/03/2014,09:41:24.366,43.22,N,1,43.28,N,1
ITT,03/03/2014,09:41:24.495,43.22,N,1,43.27,N,1
ITT,03/03/2014,09:41:24.518,43.22,N,1,43.28,C,1
ITT,03/03/2014,09:41:24.648,43.22,N,1,43.27,N,1
ITT,03/03/2014,09:41:24.672,43.22,N,1,43.28,C,1
ITT,03/03/2014,09:41:24.804,43.22,N,1,43.27,N,1
ITT,03/03/2014,09:41:25.125,43.22,N,1,43.27,T,1
ITT,03/03/2014,09:41:25.127,43.22,N,1,43.28,N,1
ITT,03/03/2014,09:41:25.254,43.22,N,1,43.27,N,1
ITT,03/03/2014,09:41:25.277,43.22,N,1,43.27,T,1
ITT,03/03/2014,09:41:25.280,43.22,N,1,43.29,N,1
ITT,03/03/2014,09:41:25.403,43.22,N,1,43.28,N,1
ITT,03/03/2014,09:41:25.426,43.22,N,1,43.27,N,1
ITT,03/03/2014,09:41:25.449,43.22,N,1,43.27,T,1
ITT,03/03/2014,09:41:25.452,43.22,N,1,43.29,N,1
ITT,03/03/2014,09:41:25.495,43.22,N,1,43.28,N,1
ITT,03/03/2014,09:41:25.559,43.22,N,1,43.27,N,1
ITT,03/03/2014,09:41:25.582,43.22,N,1,43.27,T,1
ITT,03/03/2014,09:41:25.584,43.22,N,1,43.29,N,1
ITT,03/03/2014,09:41:25.752,43.22,N,1,43.28,N,1
ITT,03/03/2014,09:41:25.819,43.22,N,1,43.27,N,1
ITT,03/03/2014,09:41:25.842,43.22,N,1,43.28,T,1
ITT,03/03/2014,09:41:25.844,43.22,N,1,43.28,C,1
ITT,03/03/2014,09:41:26.236,43.22,N,1,43.27,N,1
ITT,03/03/2014,09:41:26.259,43.22,N,1,43.28,C,1
ITT,03/03/2014,09:41:26.260,43.22,N,1,43.3,N,1
ITT,03/03/2014,09:41:26.261,43.22,N,1,43.28,Y,1
ITT,03/03/2014,09:41:26.261,43.22,N,1,43.28,B,1
ITT,03/03/2014,09:41:26.262,43.22,N,1,43.3,N,1
ITT,03/03/2014,09:41:26.262,43.22,N,1,43.29,N,1
ITT,03/03/2014,09:41:26.429,43.22,N,1,43.28,N,1
ITT,03/03/2014,09:41:26.452,43.22,N,1,43.27,N,1
ITT,03/03/2014,09:41:26.478,43.22,N,1,43.3,N,1
ITT,03/03/2014,09:41:26.478,43.22,N,1,43.28,C,1
ITT,03/03/2014,09:41:26.479,43.22,N,1,43.3,N,1
ITT,03/03/2014,09:41:26.498,43.22,N,1,43.29,N,1
ITT,03/03/2014,09:41:26.627,43.22,N,1,43.28,N,1
ITT,03/03/2014,09:41:26.650,43.22,N,1,43.27,N,1
ITT,03/03/2014,09:41:26.676,43.22,N,1,43.29,N,1
ITT,03/03/2014,09:41:26.676,43.22,N,1,43.28,C,1
ITT,03/03/2014,09:41:26.676,43.22,N,1,43.29,N,1
ITT,03/03/2014,09:41:26.822,43.22,N,1,43.28,N,1
ITT,03/03/2014,09:41:26.889,43.22,N,1,43.27,N,1
ITT,03/03/2014,09:41:26.912,43.22,N,1,43.28,T,1
ITT,03/03/2014,09:41:27.046,43.22,N,1,43.27,N,1
ITT,03/03/2014,09:41:27.069,43.22,N,1,43.28,T,1
ITT,03/03/2014,09:41:27.195,43.22,N,1,43.27,N,1
ITT,03/03/2014,09:41:27.218,43.22,N,1,43.28,T,1
ITT,03/03/2014,09:41:27.327,43.22,N,1,43.27,N,1
ITT,03/03/2014,09:41:27.350,43.22,N,1,43.28,T,1
ITT,03/03/2014,09:41:27.352,43.22,N,1,43.28,N,1
ITT,03/03/2014,09:41:27.478,43.22,N,1,43.27,N,1
ITT,03/03/2014,09:41:27.500,43.22,N,1,43.28,C,1
ITT,03/03/2014,09:41:27.501,43.22,N,1,43.3,N,1
ITT,03/03/2014,09:41:27.501,43.22,N,1,43.28,Y,1
ITT,03/03/2014,09:41:27.502,43.22,N,1,43.28,B,1
ITT,03/03/2014,09:41:27.502,43.22,N,1,43.3,N,1
ITT,03/03/2014,09:41:27.503,43.22,N,1,43.29,N,1
ITT,03/03/2014,09:41:28.982,43.22,N,1,43.28,N,1
ITT,03/03/2014,09:41:29.005,43.22,N,1,43.27,N,1
ITT,03/03/2014,09:41:29.028,43.22,N,1,43.28,C,1
ITT,03/03/2014,09:41:29.052,43.22,N,1,43.27,N,1
ITT,03/03/2014,09:41:29.075,43.22,N,1,43.28,C,1
ITT,03/03/2014,09:41:29.270,43.22,N,1,43.27,N,1
ITT,03/03/2014,09:41:29.298,43.22,N,1,43.3,N,1
ITT,03/03/2014,09:41:29.298,43.22,N,1,43.28,C,1
ITT,03/03/2014,09:41:29.299,43.22,N,1,43.3,N,1
ITT,03/03/2014,09:41:29.301,43.22,N,1,43.29,T,1
ITT,03/03/2014,09:41:29.317,43.22,N,1,43.28,N,1
ITT,03/03/2014,09:41:29.444,43.22,N,1,43.27,N,1
ITT,03/03/2014,09:41:30.136,43.22,N,1,43.29,N,2
ITT,03/03/2014,09:41:30.136,43.22,N,1,43.28,C,1
ITT,03/03/2014,09:41:30.136,43.22,N,1,43.29,N,1
ITT,03/03/2014,09:41:30.137,43.22,N,2,43.29,N,1
ITT,03/03/2014,09:41:30.161,43.22,N,2,43.28,N,1
ITT,03/03/2014,09:41:30.290,43.22,N,2,43.27,N,1
ITT,03/03/2014,09:41:30.313,43.22,N,2,43.28,T,1
ITT,03/03/2014,09:41:30.437,43.22,N,2,43.27,N,1
ITT,03/03/2014,09:41:30.460,43.22,N,2,43.28,T,1
ITT,03/03/2014,09:41:30.586,43.22,N,2,43.27,N,1
ITT,03/03/2014,09:41:30.610,43.22,N,2,43.28,T,1
ITT,03/03/2014,09:41:30.717,43.22,N,2,43.27,N,1
ITT,03/03/2014,09:41:30.739,43.22,N,2,43.28,T,1
ITT,03/03/2014,09:41:30.741,43.22,N,2,43.28,Y,2
ITT,03/03/2014,09:41:30.869,43.22,N,2,43.27,N,1
ITT,03/03/2014,09:41:30.893,43.22,N,2,43.28,C,1
ITT,03/03/2014,09:41:30.893,43.22,N,2,43.31,N,1
ITT,03/03/2014,09:41:30.893,43.22,N,2,43.28,Y,1
ITT,03/03/2014,09:41:30.893,43.22,N,2,43.31,N,1
ITT,03/03/2014,09:41:30.894,43.22,N,2,43.28,B,1
ITT,03/03/2014,09:41:30.894,43.22,N,2,43.31,N,1
ITT,03/03/2014,09:41:30.894,43.22,N,2,43.29,C,1
ITT,03/03/2014,09:41:30.894,43.22,N,2,43.31,N,1
ITT,03/03/2014,09:41:30.894,43.22,N,2,43.31,N,2
ITT,03/03/2014,09:41:30.895,43.22,N,2,43.3,N,1
ITT,03/03/2014,09:41:30.916,43.22,N,2,43.29,N,1
ITT,03/03/2014,09:41:31.216,43.22,N,2,43.28,N,1
ITT,03/03/2014,09:41:31.827,43.22,N,2,43.27,N,1
ITT,03/03/2014,09:41:31.850,43.22,N,2,43.28,T,1
ITT,03/03/2014,09:41:31.853,43.22,N,2,43.28,C,1
ITT,03/03/2014,09:41:31.853,43.22,N,2,43.28,N,1
ITT,03/03/2014,09:41:31.853,43.22,N,2,43.3,N,1
ITT,03/03/2014,09:41:31.854,43.22,N,2,43.29,C,1
ITT,03/03/2014,09:41:31.854,43.22,N,2,43.3,N,1
ITT,03/03/2014,09:41:31.873,43.22,N,2,43.29,N,1
ITT,03/03/2014,09:41:31.905,43.22,N,2,43.28,Y,1
ITT,03/03/2014,09:41:31.906,43.22,N,2,43.28,B,1
ITT,03/03/2014,09:41:31.906,43.22,N,2,43.29,N,1
ITT,03/03/2014,09:41:31.918,43.22,N,2,43.28,N,1
ITT,03/03/2014,09:41:32.093,43.22,N,1,43.28,N,1
ITT,03/03/2014,09:41:32.094,43.22,N,1,43.27,N,1
ITT,03/03/2014,09:41:32.115,43.22,N,1,43.29,T,1
ITT,03/03/2014,09:41:32.116,43.22,N,1,43.28,Y,1
ITT,03/03/2014,09:41:32.117,43.22,N,1,43.29,T,1
ITT,03/03/2014,09:41:32.117,43.22,N,1,43.28,B,1
ITT,03/03/2014,09:41:32.117,43.22,N,1,43.29,T,1
ITT,03/03/2014,09:41:32.118,43.22,N,1,43.29,B,1
ITT,03/03/2014,09:41:32.536,43.22,N,1,43.29,B,2
ITT,03/03/2014,09:41:32.542,43.22,N,1,43.28,N,1
ITT,03/03/2014,09:41:33.387,43.22,N,1,43.27,N,1
ITT,03/03/2014,09:41:33.410,43.22,N,1,43.28,C,1
ITT,03/03/2014,09:41:33.411,43.22,N,1,43.29,T,1
ITT,03/03/2014,09:41:33.411,43.22,N,1,43.28,Y,1
ITT,03/03/2014,09:41:33.412,43.22,N,1,43.28,B,1
ITT,03/03/2014,09:41:33.412,43.22,N,1,43.29,T,1
ITT,03/03/2014,09:41:33.412,43.22,N,1,43.29,Y,1
ITT,03/03/2014,09:41:33.413,43.22,N,1,43.29,B,1
ITT,03/03/2014,09:41:33.413,43.22,N,1,43.32,N,2
ITT,03/03/2014,09:41:33.414,43.22,N,1,43.31,N,1
ITT,03/03/2014,09:41:33.414,43.22,N,1,43.31,N,2
ITT,03/03/2014,09:41:33.414,43.22,N,1,43.29,N,1
ITT,03/03/2014,09:41:33.465,43.22,N,1,43.29,B,2
ITT,03/03/2014,09:41:33.468,43.22,N,1,43.29,B,1
ITT,03/03/2014,09:41:33.468,43.22,N,1,43.29,C,1
ITT,03/03/2014,09:41:33.468,43.22,N,1,43.3,N,1
ITT,03/03/2014,09:41:33.469,43.22,N,1,43.3,Y,1
ITT,03/03/2014,09:41:33.470,43.22,N,1,43.3,B,1
ITT,03/03/2014,09:41:33.470,43.22,N,1,43.31,N,1
ITT,03/03/2014,09:41:33.476,43.22,N,1,43.3,N,1
ITT,03/03/2014,09:41:33.499,43.22,N,1,43.29,N,1
ITT,03/03/2014,09:41:33.521,43.22,N,1,43.28,N,1
ITT,03/03/2014,09:41:33.544,43.22,N,1,43.27,N,1
ITT,03/03/2014,09:41:33.567,43.22,N,1,43.28,T,1
ITT,03/03/2014,09:41:33.569,43.22,N,1,43.28,C,1
ITT,03/03/2014,09:41:33.613,43.22,N,1,43.27,N,1
ITT,03/03/2014,09:41:33.636,43.22,N,1,43.27,T,1
ITT,03/03/2014,09:41:33.639,43.22,N,1,43.29,N,1
ITT,03/03/2014,09:41:33.659,43.22,N,1,43.28,N,1
ITT,03/03/2014,09:41:33.789,43.22,N,1,43.27,N,1
ITT,03/03/2014,09:41:33.811,43.22,N,1,43.27,T,1
ITT,03/03/2014,09:41:33.814,43.22,N,1,43.29,N,1
ITT,03/03/2014,09:41:33.964,43.22,N,1,43.28,N,1
ITT,03/03/2014,09:41:33.987,43.22,N,1,43.27,N,1
ITT,03/03/2014,09:41:34.010,43.22,N,1,43.27,T,1
ITT,03/03/2014,09:41:34.012,43.22,N,1,43.29,N,1
ITT,03/03/2014,09:41:34.139,43.22,N,1,43.28,N,1
ITT,03/03/2014,09:41:34.161,43.22,N,1,43.27,N,1
ITT,03/03/2014,09:41:34.184,43.22,N,1,43.27,T,1
ITT,03/03/2014,09:41:34.186,43.22,N,1,43.29,N,1
ITT,03/03/2014,09:41:34.316,43.22,N,1,43.28,N,1
ITT,03/03/2014,09:41:34.339,43.22,N,1,43.27,N,1
ITT,03/03/2014,09:41:34.363,43.22,N,1,43.27,T,1
ITT,03/03/2014,09:41:34.365,43.22,N,1,43.29,N,1
ITT,03/03/2014,09:41:34.487,43.22,N,1,43.28,N,1
ITT,03/03/2014,09:41:34.509,43.22,N,1,43.27,N,1
ITT,03/03/2014,09:41:34.534,43.22,N,1,43.29,N,1
ITT,03/03/2014,09:41:34.534,43.22,N,1,43.28,C,1
ITT,03/03/2014,09:41:34.535,43.22,N,1,43.29,N,1
ITT,03/03/2014,09:41:34.663,43.22,N,1,43.28,N,1
ITT,03/03/2014,09:41:34.939,43.21,T,1,43.28,N,1
ITT,03/03/2014,09:41:35.116,43.21,T,1,43.27,N,1
ITT,03/03/2014,09:41:35.138,43.21,T,1,43.26,N,1
ITT,03/03/2014,09:41:35.162,43.21,T,1,43.27,C,1
ITT,03/03/2014,09:41:35.162,43.21,T,1,43.29,T,1
ITT,03/03/2014,09:41:35.163,43.21,T,1,43.27,Y,1
ITT,03/03/2014,09:41:35.163,43.21,T,1,43.27,B,1
ITT,03/03/2014,09:41:35.164,43.21,T,1,43.29,T,1
ITT,03/03/2014,09:41:35.291,43.21,T,1,43.28,N,1
ITT,03/03/2014,09:41:35.896,43.21,T,1,43.27,T,1
ITT,03/03/2014,09:41:35.911,43.21,T,1,43.26,N,1
ITT,03/03/2014,09:41:36.536,43.17,P,1,43.26,N,1
ITT,03/03/2014,09:41:36.536,43.17,P,1,43.25,T,1
ITT,03/03/2014,09:41:36.536,43.17,P,1,43.25,T,2
ITT,03/03/2014,09:41:36.536,43.17,P,1,43.25,T,3
ITT,03/03/2014,09:41:36.536,43.17,P,1,43.25,T,4
ITT,03/03/2014,09:41:36.536,43.21,T,1,43.25,T,4
ITT,03/03/2014,09:41:36.536,43.17,P,1,43.25,T,4
ITT,03/03/2014,09:41:36.538,43.18,T,1,43.25,T,4
ITT,03/03/2014,09:41:36.539,43.18,T,1,43.25,T,3
ITT,03/03/2014,09:41:36.545,43.18,T,1,43.24,N,1
ITT,03/03/2014,09:41:36.569,43.18,T,1,43.23,N,1
ITT,03/03/2014,09:41:37.645,43.18,T,1,43.25,N,2
ITT,03/03/2014,09:41:37.645,43.18,T,1,43.25,N,1
ITT,03/03/2014,09:41:37.897,43.18,T,1,43.24,N,1
ITT,03/03/2014,09:41:38.559,43.18,T,1,43.23,N,1
ITT,03/03/2014,09:41:38.581,43.18,T,1,43.26,C,1
ITT,03/03/2014,09:41:38.582,43.18,T,1,43.26,N,1
ITT,03/03/2014,09:41:38.582,43.18,T,1,43.24,Y,1
ITT,03/03/2014,09:41:38.582,43.18,T,1,43.26,N,1
ITT,03/03/2014,09:41:38.582,43.18,T,1,43.24,B,1
ITT,03/03/2014,09:41:38.582,43.18,T,1,43.26,N,1
ITT,03/03/2014,09:41:38.604,43.18,T,1,43.25,N,1
ITT,03/03/2014,09:41:38.757,43.18,T,1,43.24,N,1
ITT,03/03/2014,09:41:40.005,43.2,N,3,43.24,N,1
ITT,03/03/2014,09:41:40.018,43.2,N,3,43.26,C,1
ITT,03/03/2014,09:41:40.018,43.2,N,3,43.29,N,1
ITT,03/03/2014,09:41:40.041,43.2,N,3,43.28,N,1
ITT,03/03/2014,09:41:40.043,43.2,N,3,43.28,Y,1
ITT,03/03/2014,09:41:40.044,43.2,N,3,43.28,Y,2
ITT,03/03/2014,09:41:40.045,43.2,N,3,43.28,Y,1
ITT,03/03/2014,09:41:40.045,43.2,N,3,43.28,B,2
ITT,03/03/2014,09:41:40.045,43.2,N,3,43.28,B,1
ITT,03/03/2014,09:41:40.045,43.2,N,3,43.29,N,1
ITT,03/03/2014,09:41:40.047,43.2,N,3,43.28,N,1
ITT,03/03/2014,09:41:40.050,43.2,N,3,43.28,T,1
ITT,03/03/2014,09:41:40.052,43.2,N,3,43.28,C,1
ITT,03/03/2014,09:41:40.053,43.2,N,3,43.29,N,1
ITT,03/03/2014,09:41:43.087,43.2,N,4,43.29,N,1
ITT,03/03/2014,09:41:44.307,43.2,N,4,43.22,K,1
ITT,03/03/2014,09:41:46.115,43.21,K,1,43.22,K,1
ITT,03/03/2014,09:41:46.115,43.21,K,2,43.22,K,1
ITT,03/03/2014,09:41:46.116,43.21,K,2,43.22,T,1
ITT,03/03/2014,09:41:46.116,43.21,K,2,43.29,N,1
ITT,03/03/2014,09:41:46.116,43.22,K,1,43.29,N,1
ITT,03/03/2014,09:41:46.116,43.22,K,2,43.29,N,1
ITT,03/03/2014,09:41:46.117,43.22,K,2,43.29,T,1
ITT,03/03/2014,09:41:46.118,43.22,K,2,43.29,B,1
ITT,03/03/2014,09:41:46.119,43.22,K,2,43.29,C,1
ITT,03/03/2014,09:41:46.119,43.22,K,2,43.32,N,2
ITT,03/03/2014,09:41:46.124,43.22,K,2,43.31,T,1
ITT,03/03/2014,09:41:46.128,43.22,K,2,43.31,B,2
ITT,03/03/2014,09:41:46.128,43.22,K,2,43.31,B,1
ITT,03/03/2014,09:41:46.129,43.22,K,2,43.32,N,2
ITT,03/03/2014,09:41:46.146,43.22,K,2,43.31,N,1
ITT,03/03/2014,09:41:46.169,43.22,K,2,43.3,N,1
ITT,03/03/2014,09:41:46.192,43.22,K,2,43.29,N,1
ITT,03/03/2014,09:41:46.216,43.22,K,2,43.29,C,1
ITT,03/03/2014,09:41:46.220,43.22,K,2,43.29,B,2
ITT,03/03/2014,09:41:46.220,43.22,K,2,43.29,B,1
ITT,03/03/2014,09:41:46.220,43.22,K,2,43.3,N,1
ITT,03/03/2014,09:41:46.263,43.22,K,1,43.3,N,1
ITT,03/03/2014,09:41:46.263,43.22,K,1,43.29,N,1
ITT,03/03/2014,09:41:46.877,43.2,T,4,43.29,N,1
ITT,03/03/2014,09:41:47.017,43.2,T,5,43.29,N,1
ITT,03/03/2014,09:41:47.025,43.2,T,4,43.29,N,1
ITT,03/03/2014,09:41:47.225,43.2,T,3,43.29,N,1
ITT,03/03/2014,09:41:47.277,43.2,T,2,43.29,N,1
ITT,03/03/2014,09:41:47.277,43.2,T,1,43.29,N,1
ITT,03/03/2014,09:41:48.575,43.2,T,1,43.31,C,1
ITT,03/03/2014,09:41:48.575,43.2,T,1,43.32,N,2
ITT,03/03/2014,09:41:48.576,43.2,T,1,43.31,N,1
ITT,03/03/2014,09:41:48.599,43.2,T,1,43.31,N,2
ITT,03/03/2014,09:41:50.816,43.2,T,1,43.3,N,1
ITT,03/03/2014,09:41:50.819,43.2,N,4,43.3,N,1
ITT,03/03/2014,09:41:52.552,43.21,K,2,43.3,N,1
ITT,03/03/2014,09:41:52.552,43.21,K,3,43.3,N,1
ITT,03/03/2014,09:41:52.552,43.21,K,4,43.3,N,1
ITT,03/03/2014,09:41:53.027,43.21,K,3,43.3,N,1
ITT,03/03/2014,09:41:53.325,43.21,K,2,43.3,N,1
ITT,03/03/2014,09:42:03.526,43.21,K,2,43.3,T,3
ITT,03/03/2014,09:42:20.495,43.21,K,2,43.24,K,1
ITT,03/03/2014,09:42:39.483,43.21,K,2,43.23,K,1
ITT,03/03/2014,09:42:40.657,43.21,K,2,43.24,T,1
ITT,03/03/2014,09:42:40.658,43.22,K,1,43.24,T,1
ITT,03/03/2014,09:42:40.658,43.22,K,2,43.24,T,1
ITT,03/03/2014,09:42:40.659,43.22,K,2,43.29,P,1
ITT,03/03/2014,09:42:40.659,43.23,K,1,43.29,P,1
ITT,03/03/2014,09:42:40.659,43.24,T,1,43.29,P,1
ITT,03/03/2014,09:42:40.659,43.23,T,5,43.29,P,1
ITT,03/03/2014,09:42:40.660,43.23,T,6,43.29,P,1
ITT,03/03/2014,09:42:40.660,43.23,T,5,43.29,P,1
ITT,03/03/2014,09:42:40.662,43.23,T,4,43.29,P,1
ITT,03/03/2014,09:42:40.675,43.23,T,4,43.28,N,1
ITT,03/03/2014,09:42:40.677,43.23,T,5,43.28,N,1
ITT,03/03/2014,09:42:40.686,43.23,T,5,43.29,P,1
ITT,03/03/2014,09:42:40.807,43.23,T,4,43.29,P,1
ITT,03/03/2014,09:42:40.807,43.23,T,3,43.29,P,1
ITT,03/03/2014,09:42:49.797,43.24,K,2,43.29,P,1
ITT,03/03/2014,09:43:04.691,43.24,K,1,43.29,P,1
ITT,03/03/2014,09:43:16.896,43.24,K,1,43.29,C,1
ITT,03/03/2014,09:43:16.896,43.25,P,1,43.29,C,1
ITT,03/03/2014,09:43:16.896,43.25,P,1,43.33,T,1
ITT,03/03/2014,09:43:16.897,43.26,T,1,43.33,T,1
ITT,03/03/2014,09:43:16.911,43.26,T,1,43.34,T,1
ITT,03/03/2014,09:43:16.911,43.26,T,1,43.33,T,1
ITT,03/03/2014,09:43:16.912,43.26,T,1,43.33,T,2
ITT,03/03/2014,09:43:16.919,43.26,T,1,43.33,T,1
ITT,03/03/2014,09:43:16.921,43.28,T,3,43.33,T,1
ITT,03/03/2014,09:43:16.966,43.26,T,1,43.33,T,1
ITT,03/03/2014,09:43:16.967,43.29,P,3,43.33,T,1
ITT,03/03/2014,09:43:18.286,43.29,P,3,43.33,K,1
ITT,03/03/2014,09:43:18.286,43.3,T,1,43.33,K,1
ITT,03/03/2014,09:43:18.286,43.3,T,2,43.33,K,1
ITT,03/03/2014,09:43:18.286,43.3,T,3,43.33,K,1
ITT,03/03/2014,09:43:18.286,43.3,T,4,43.33,K,1
ITT,03/03/2014,09:43:18.286,43.3,T,4,43.34,T,1
ITT,03/03/2014,09:43:18.286,43.3,T,5,43.34,T,1
ITT,03/03/2014,09:43:18.286,43.31,K,1,43.34,T,1
ITT,03/03/2014,09:43:18.286,43.32,P,1,43.34,T,1
ITT,03/03/2014,09:43:18.286,43.32,P,1,43.33,C,1
ITT,03/03/2014,09:43:18.287,43.32,P,2,43.33,C,1
ITT,03/03/2014,09:43:18.287,43.32,P,2,43.34,T,1
ITT,03/03/2014,09:43:18.288,43.32,P,2,43.37,D,5
ITT,03/03/2014,09:43:18.288,43.33,T,1,43.37,D,5
ITT,03/03/2014,09:43:18.288,43.33,T,2,43.37,D,5
ITT,03/03/2014,09:43:18.288,43.33,T,3,43.37,D,5
ITT,03/03/2014,09:43:18.384,43.33,T,2,43.37,D,5
ITT,03/03/2014,09:43:18.420,43.33,T,2,43.39,N,1
ITT,03/03/2014,09:43:18.434,43.33,T,1,43.39,N,1
ITT,03/03/2014,09:43:18.434,43.33,Y,1,43.39,N,1
ITT,03/03/2014,09:43:18.434,43.33,B,1,43.39,N,1
ITT,03/03/2014,09:43:18.435,43.32,P,1,43.39,N,1
ITT,03/03/2014,09:43:18.435,43.33,C,1,43.39,N,1
ITT,03/03/2014,09:43:18.435,43.32,P,1,43.39,N,1
ITT,03/03/2014,09:43:18.441,43.32,P,1,43.38,N,1
ITT,03/03/2014,09:43:18.464,43.32,P,1,43.37,N,1
ITT,03/03/2014,09:43:18.466,43.32,P,1,43.38,T,1
ITT,03/03/2014,09:43:18.466,43.32,P,1,43.37,T,1
ITT,03/03/2014,09:43:18.468,43.32,P,1,43.37,B,1
ITT,03/03/2014,09:43:18.468,43.32,P,1,43.38,N,1
ITT,03/03/2014,09:43:18.469,43.32,P,1,43.38,N,2
ITT,03/03/2014,09:43:18.469,43.32,P,1,43.38,N,1
ITT,03/03/2014,09:43:18.486,43.32,P,1,43.37,N,1
ITT,03/03/2014,09:43:19.075,43.3,P,1,43.37,N,1
ITT,03/03/2014,09:43:19.075,43.29,T,4,43.37,N,1
ITT,03/03/2014,09:43:19.077,43.3,Y,1,43.37,N,1
ITT,03/03/2014,09:43:19.077,43.29,T,4,43.37,N,1
ITT,03/03/2014,09:43:19.077,43.3,B,1,43.37,N,1
ITT,03/03/2014,09:43:19.077,43.29,T,4,43.37,N,1
ITT,03/03/2014,09:43:19.391,43.29,T,5,43.37,N,1
ITT,03/03/2014,09:43:19.413,43.29,T,5,43.37,C,1
ITT,03/03/2014,09:43:19.414,43.29,T,5,43.39,N,1
ITT,03/03/2014,09:43:19.457,43.29,T,4,43.39,N,1
ITT,03/03/2014,09:43:19.496,43.29,T,4,43.38,N,1
ITT,03/03/2014,09:43:19.503,43.29,T,4,43.37,N,1
ITT,03/03/2014,09:43:19.530,43.29,T,5,43.37,N,1
ITT,03/03/2014,09:43:19.549,43.29,T,5,43.4,Y,1
ITT,03/03/2014,09:43:19.550,43.29,T,5,43.39,N,1
ITT,03/03/2014,09:43:19.552,43.29,T,4,43.39,N,1
ITT,03/03/2014,09:43:19.572,43.29,T,4,43.38,N,1
ITT,03/03/2014,09:43:19.595,43.29,T,4,43.37,N,1
ITT,03/03/2014,09:43:19.618,43.29,T,4,43.36,N,1
ITT,03/03/2014,09:43:19.856,43.29,T,4,43.37,T,1
ITT,03/03/2014,09:43:19.858,43.29,T,4,43.37,N,1
ITT,03/03/2014,09:43:19.859,43.29,T,5,43.37,N,1
ITT,03/03/2014,09:43:19.878,43.29,T,5,43.41,N,2
ITT,03/03/2014,09:43:19.879,43.29,T,5,43.4,N,1
ITT,03/03/2014,09:43:19.881,43.29,T,4,43.4,N,1
ITT,03/03/2014,09:43:19.901,43.29,T,4,43.39,N,1
ITT,03/03/2014,09:43:19.989,43.29,T,4,43.38,N,1
ITT,03/03/2014,09:43:20.012,43.29,T,4,43.37,N,1
ITT,03/03/2014,09:43:20.346,43.29,T,2,43.37,N,1
ITT,03/03/2014,09:43:20.346,43.29,J,1,43.37,N,1
ITT,03/03/2014,09:43:20.347,43.29,B,2,43.37,N,1
ITT,03/03/2014,09:43:20.370,43.29,B,1,43.37,N,1
ITT,03/03/2014,09:43:20.370,43.29,C,1,43.37,N,1
ITT,03/03/2014,09:43:20.370,43.25,D,5,43.37,N,1
ITT,03/03/2014,09:43:20.370,43.28,Y,1,43.37,N,1
ITT,03/03/2014,09:43:20.371,43.28,B,1,43.37,N,1
ITT,03/03/2014,09:43:20.371,43.25,D,5,43.37,N,1
ITT,03/03/2014,09:43:20.375,43.26,P,1,43.37,N,1
ITT,03/03/2014,09:43:20.376,43.26,P,2,43.37,N,1
ITT,03/03/2014,09:43:20.397,43.26,P,2,43.36,N,1
ITT,03/03/2014,09:43:20.420,43.27,N,1,43.36,N,1
ITT,03/03/2014,09:43:20.423,43.27,B,1,43.36,N,1
ITT,03/03/2014,09:43:20.424,43.26,Y,3,43.36,N,1
ITT,03/03/2014,09:43:20.426,43.26,Y,2,43.36,N,1
ITT,03/03/2014,09:43:20.442,43.27,N,1,43.36,N,1
ITT,03/03/2014,09:43:20.444,43.27,N,1,43.39,Y,1
ITT,03/03/2014,09:43:20.445,43.27,N,1,43.41,B,1
ITT,03/03/2014,09:43:20.446,43.27,N,1,43.4,T,1
ITT,03/03/2014,09:43:20.507,43.27,N,1,43.39,N,1
ITT,03/03/2014,09:43:20.510,43.27,N,1,43.38,T,1
ITT,03/03/2014,09:43:20.512,43.28,N,1,43.38,T,1
ITT,03/03/2014,09:43:20.515,43.28,N,1,43.38,B,2
ITT,03/03/2014,09:43:20.515,43.28,N,1,43.38,B,1
ITT,03/03/2014,09:43:20.515,43.28,N,1,43.39,N,1
ITT,03/03/2014,09:43:20.515,43.28,N,1,43.38,C,1
ITT,03/03/2014,09:43:20.515,43.28,N,1,43.39,B,2
ITT,03/03/2014,09:43:20.635,43.28,N,1,43.38,N,1
ITT,03/03/2014,09:43:20.637,43.29,N,1,43.38,N,1
ITT,03/03/2014,09:43:20.658,43.29,N,1,43.37,N,1
ITT,03/03/2014,09:43:20.688,43.29,B,1,43.37,N,1
ITT,03/03/2014,09:43:20.689,43.26,P,1,43.37,N,1
ITT,03/03/2014,09:43:20.693,43.26,P,2,43.37,N,1
ITT,03/03/2014,09:43:21.014,43.27,N,1,43.37,N,1
ITT,03/03/2014,09:43:21.454,43.28,P,1,43.37,N,1
ITT,03/03/2014,09:43:21.454,43.28,P,2,43.37,N,1
ITT,03/03/2014,09:43:22.225,43.28,P,1,43.37,N,1
ITT,03/03/2014,09:43:24.112,43.28,P,1,43.37,C,1
ITT,03/03/2014,09:43:24.115,43.28,P,1,43.38,Y,1
ITT,03/03/2014,09:43:24.115,43.29,N,1,43.38,Y,1
ITT,03/03/2014,09:43:24.115,43.29,N,1,43.4,N,1
ITT,03/03/2014,09:43:24.116,43.29,N,2,43.4,N,1
ITT,03/03/2014,09:43:24.136,43.29,N,2,43.39,N,1
ITT,03/03/2014,09:43:24.139,43.29,N,2,43.38,N,1
ITT,03/03/2014,09:43:24.142,43.29,N,2,43.38,B,1
ITT,03/03/2014,09:43:24.143,43.29,N,2,43.39,N,1
ITT,03/03/2014,09:43:24.159,43.29,N,2,43.38,N,1
ITT,03/03/2014,09:43:24.182,43.29,N,2,43.37,N,1
ITT,03/03/2014,09:43:24.354,43.29,N,1,43.37,N,1
ITT,03/03/2014,09:43:24.451,43.29,C,1,43.37,N,1
ITT,03/03/2014,09:43:24.452,43.29,B,1,43.37,N,1
ITT,03/03/2014,09:43:24.453,43.28,P,1,43.37,N,1
ITT,03/03/2014,09:43:24.560,43.28,P,1,43.36,N,1
ITT,03/03/2014,09:43:26.282,43.28,P,1,43.35,N,1
ITT,03/03/2014,09:43:29.272,43.28,P,1,43.35,C,1
ITT,03/03/2014,09:43:50.219,43.28,N,1,43.35,C,1
